timestamp,order_id,instrument,side,type,quantity,price,action
1749282470069676785,1,INST034,BUY,MARKET,995,0,NEW
1749282470069681831,1,INST034,BUY,MARKET,995,0,CANCEL
1749282470069687704,2,INST059,SELL,MARKET,495,0,NEW
1749282470069689679,3,INST053,SELL,MARKET,185,0,NEW
1749282470069697648,4,INST008,BUY,LIMIT,245,119.67,NEW
1749282470069703448,5,INST040,BUY,LIMIT,275,242.35,NEW
1749282470069705683,6,INST196,BUY,LIMIT,720,430.14,NEW
1749282470069709734,7,INST168,SELL,MARKET,565,0,NEW
1749282470069716899,8,INST053,BUY,MARKET,50,0,NEW
1749282470069725194,9,INST185,SELL,MARKET,995,0,NEW
1749282470069728431,10,INST002,BUY,MARKET,745,0,NEW
1749282470069730065,6,INST196,BUY,LIMIT,620,426.08,MODIFY
1749282470069730253,11,INST074,SELL,MARKET,200,0,NEW
1749282470069739589,2,INST059,SELL,MARKET,495,0,CANCEL
1749282470069747999,6,INST196,BUY,LIMIT,720,0,CANCEL
1749282470069752016,12,INST037,BUY,MARKET,440,0,NEW
1749282470069756077,13,INST098,BUY,LIMIT,195,291.58,NEW
1749282470069759076,7,INST168,SELL,LIMIT,950,427.49,MODIFY
1749282470069761356,14,INST049,SELL,MARKET,65,0,NEW
1749282470069762278,14,INST049,SELL,MARKET,65,0,CANCEL
1749282470069764528,10,INST002,BUY,MARKET,745,0,CANCEL
1749282470069765740,15,INST121,BUY,MARKET,585,0,NEW
1749282470069775462,16,INST146,BUY,MARKET,960,0,NEW
1749282470069778035,17,INST119,SELL,MARKET,505,0,NEW
1749282470069783301,17,INST119,SELL,LIMIT,165,482.44,MODIFY
1749282470069785395,18,INST171,BUY,MARKET,940,0,NEW
1749282470069792152,19,INST100,BUY,MARKET,585,0,NEW
1749282470069798294,20,INST198,BUY,LIMIT,235,162.69,NEW
1749282470069801499,21,INST186,SELL,MARKET,700,0,NEW
1749282470069809352,22,INST064,SELL,MARKET,650,0,NEW
1749282470069812061,7,INST168,SELL,MARKET,565,0,CANCEL
1749282470069813769,20,INST198,BUY,LIMIT,575,155.58,MODIFY
1749282470069823284,23,INST061,BUY,MARKET,675,0,NEW
1749282470069827879,24,INST060,SELL,MARKET,770,0,NEW
1749282470069833138,25,INST036,BUY,LIMIT,565,326.55,NEW
1749282470069837070,26,INST137,BUY,LIMIT,455,381.32,NEW
1749282470069843902,5,INST040,BUY,LIMIT,470,236.08,MODIFY
1749282470069848796,9,INST185,SELL,LIMIT,505,399.23,MODIFY
1749282470069856772,27,INST136,BUY,MARKET,310,0,NEW
1749282470069859610,28,INST061,BUY,LIMIT,30,384.18,NEW
1749282470069864256,5,INST040,BUY,LIMIT,275,253.82,MODIFY
1749282470069871399,29,INST021,SELL,LIMIT,350,142.44,NEW
1749282470069873795,30,INST074,BUY,MARKET,530,0,NEW
1749282470069877128,31,INST198,SELL,MARKET,930,0,NEW
1749282470069884081,32,INST117,SELL,LIMIT,690,125.87,NEW
1749282470069893625,5,INST040,BUY,LIMIT,320,247.76,MODIFY
1749282470069896335,33,INST035,SELL,MARKET,575,0,NEW
1749282470069900647,34,INST086,BUY,MARKET,760,0,NEW
1749282470069908314,11,INST074,SELL,MARKET,200,0,CANCEL
1749282470069909777,35,INST178,SELL,LIMIT,265,246.70,NEW
1749282470069909893,36,INST077,SELL,LIMIT,485,371.69,NEW
1749282470069918076,37,INST146,BUY,MARKET,925,0,NEW
1749282470069920709,28,INST061,BUY,LIMIT,370,380.94,MODIFY
1749282470069928749,38,INST191,SELL,LIMIT,585,304.68,NEW
1749282470069937198,39,INST068,SELL,MARKET,875,0,NEW
1749282470069937327,4,INST008,BUY,LIMIT,465,116.32,MODIFY
1749282470069944849,24,INST060,SELL,LIMIT,5,281.37,MODIFY
1749282470069949308,22,INST064,SELL,MARKET,650,0,CANCEL
1749282470069954820,40,INST016,BUY,LIMIT,910,60.41,NEW
1749282470069963423,41,INST007,BUY,MARKET,290,0,NEW
1749282470069969892,42,INST092,BUY,LIMIT,690,347.48,NEW
1749282470069979070,43,INST062,SELL,LIMIT,845,82.84,NEW
1749282470069985291,44,INST111,BUY,LIMIT,165,288.65,NEW
1749282470069988431,45,INST059,BUY,MARKET,950,0,NEW
1749282470069994386,5,INST040,BUY,LIMIT,360,234.83,MODIFY
1749282470070001543,46,INST141,SELL,MARKET,30,0,NEW
1749282470070002450,29,INST021,SELL,LIMIT,350,0,CANCEL
1749282470070009551,47,INST177,BUY,LIMIT,20,145.86,NEW
1749282470070016167,19,INST100,BUY,LIMIT,560,491.70,MODIFY
1749282470070016810,35,INST178,SELL,LIMIT,25,255.50,MODIFY
1749282470070019906,20,INST198,BUY,LIMIT,235,0,CANCEL
1749282470070028338,48,INST020,SELL,LIMIT,65,166.67,NEW
1749282470070037336,23,INST061,BUY,LIMIT,5,70.27,MODIFY
1749282470070039108,46,INST141,SELL,LIMIT,345,183.01,MODIFY
1749282470070045489,49,INST068,BUY,MARKET,585,0,NEW
1749282470070046778,50,INST200,SELL,MARKET,350,0,NEW
1749282470070048480,39,INST068,SELL,LIMIT,300,298.37,MODIFY
1749282470070055566,51,INST177,BUY,MARKET,585,0,NEW
1749282470070062359,52,INST137,SELL,MARKET,305,0,NEW
1749282470070071984,32,INST117,SELL,LIMIT,995,123.52,MODIFY
1749282470070072223,53,INST126,SELL,LIMIT,90,183.24,NEW
1749282470070081502,54,INST053,BUY,LIMIT,975,495.96,NEW
1749282470070090345,55,INST178,BUY,LIMIT,625,178.79,NEW
1749282470070092474,56,INST164,BUY,MARKET,270,0,NEW
1749282470070093184,57,INST148,SELL,MARKET,530,0,NEW
1749282470070100054,58,INST184,BUY,MARKET,400,0,NEW
1749282470070105375,4,INST008,BUY,LIMIT,245,0,CANCEL
1749282470070111104,59,INST194,SELL,MARKET,90,0,NEW
1749282470070113669,60,INST018,BUY,MARKET,525,0,NEW
1749282470070120323,40,INST016,BUY,LIMIT,910,0,CANCEL
1749282470070126075,23,INST061,BUY,MARKET,675,0,CANCEL
1749282470070134473,61,INST136,SELL,LIMIT,335,192.01,NEW
1749282470070138230,36,INST077,SELL,LIMIT,665,353.42,MODIFY
1749282470070146896,62,INST164,SELL,LIMIT,845,199.77,NEW
1749282470070150701,36,INST077,SELL,LIMIT,5,356.04,MODIFY
1749282470070158732,63,INST116,SELL,MARKET,5,0,NEW
1749282470070165571,64,INST124,SELL,LIMIT,120,133.15,NEW
1749282470070175059,27,INST136,BUY,LIMIT,645,139.78,MODIFY
1749282470070184751,65,INST072,BUY,MARKET,755,0,NEW
1749282470070187750,66,INST060,BUY,MARKET,780,0,NEW
1749282470070190954,67,INST142,SELL,MARKET,150,0,NEW
1749282470070197513,68,INST148,BUY,LIMIT,925,142.55,NEW
1749282470070200150,69,INST038,SELL,MARKET,515,0,NEW
1749282470070200790,70,INST049,BUY,MARKET,980,0,NEW
1749282470070206484,15,INST121,BUY,MARKET,585,0,CANCEL
1749282470070209753,49,INST068,BUY,LIMIT,835,116.40,MODIFY
1749282470070217806,71,INST158,SELL,MARKET,550,0,NEW
1749282470070222132,72,INST192,SELL,LIMIT,620,168.79,NEW
1749282470070224335,62,INST164,SELL,LIMIT,995,192.48,MODIFY
1749282470070230172,70,INST049,BUY,LIMIT,540,405.52,MODIFY
1749282470070231449,73,INST071,BUY,LIMIT,270,252.32,NEW
1749282470070233746,74,INST064,BUY,LIMIT,290,393.37,NEW
1749282470070235200,75,INST006,BUY,LIMIT,745,104.52,NEW
1749282470070244455,76,INST080,SELL,LIMIT,115,101.82,NEW
1749282470070252568,77,INST060,BUY,LIMIT,460,247.75,NEW
1749282470070260798,59,INST194,SELL,LIMIT,795,110.55,MODIFY
1749282470070268432,78,INST040,SELL,MARKET,780,0,NEW
1749282470070270525,79,INST128,BUY,LIMIT,335,77.65,NEW
1749282470070274976,60,INST018,BUY,LIMIT,805,276.61,MODIFY
1749282470070283650,80,INST036,SELL,MARKET,245,0,NEW
1749282470070284046,81,INST008,SELL,LIMIT,160,295.98,NEW
1749282470070291692,82,INST090,SELL,MARKET,520,0,NEW
1749282470070294747,83,INST073,SELL,LIMIT,355,60.45,NEW
1749282470070304075,5,INST040,BUY,LIMIT,275,0,CANCEL
1749282470070313890,84,INST003,BUY,LIMIT,870,408.65,NEW
1749282470070319864,85,INST080,SELL,LIMIT,275,383.68,NEW
1749282470070325998,9,INST185,SELL,LIMIT,675,290.12,MODIFY
1749282470070332550,86,INST022,BUY,MARKET,630,0,NEW
1749282470070336709,81,INST008,SELL,LIMIT,190,308.65,MODIFY
1749282470070342648,87,INST041,BUY,MARKET,995,0,NEW
1749282470070349669,88,INST141,SELL,LIMIT,920,312.02,NEW
1749282470070350431,62,INST164,SELL,LIMIT,795,204.63,MODIFY
1749282470070355213,33,INST035,SELL,MARKET,575,0,CANCEL
1749282470070355496,89,INST019,BUY,LIMIT,370,121.88,NEW
1749282470070365284,90,INST075,BUY,MARKET,35,0,NEW
1749282470070374098,91,INST054,BUY,LIMIT,755,127.77,NEW
1749282470070381027,41,INST007,BUY,MARKET,290,0,CANCEL
1749282470070386764,84,INST003,BUY,LIMIT,280,399.73,MODIFY
1749282470070393106,39,INST068,SELL,LIMIT,430,390.16,MODIFY
1749282470070397590,92,INST150,BUY,LIMIT,710,436.36,NEW
1749282470070402969,93,INST026,BUY,LIMIT,130,238.33,NEW
1749282470070407632,94,INST163,SELL,LIMIT,330,255.15,NEW
1749282470070410737,56,INST164,BUY,LIMIT,115,386.55,MODIFY
1749282470070418188,95,INST157,BUY,LIMIT,620,267.15,NEW
1749282470070420026,96,INST150,SELL,LIMIT,25,106.79,NEW
1749282470070422691,97,INST114,BUY,LIMIT,120,453.28,NEW
1749282470070431705,98,INST047,SELL,LIMIT,365,121.52,NEW
1749282470070433226,99,INST053,BUY,MARKET,935,0,NEW
1749282470070440749,3,INST053,SELL,LIMIT,210,273.56,MODIFY
1749282470070442517,100,INST001,BUY,MARKET,560,0,NEW
1749282470070443110,101,INST118,BUY,MARKET,620,0,NEW
1749282470070443363,102,INST107,BUY,LIMIT,820,160.29,NEW
1749282470070447279,66,INST060,BUY,MARKET,780,0,CANCEL
1749282470070449054,103,INST127,SELL,LIMIT,275,84.94,NEW
1749282470070457254,104,INST123,BUY,MARKET,260,0,NEW
1749282470070460746,105,INST105,SELL,LIMIT,170,124.49,NEW
1749282470070466249,106,INST186,SELL,LIMIT,340,218.62,NEW
1749282470070475653,107,INST008,SELL,LIMIT,120,65.20,NEW
1749282470070478988,108,INST074,BUY,LIMIT,775,339.35,NEW
1749282470070487218,109,INST128,BUY,LIMIT,840,149.02,NEW
1749282470070492054,48,INST020,SELL,LIMIT,65,0,CANCEL
1749282470070501943,110,INST035,SELL,LIMIT,130,323.81,NEW
1749282470070511109,111,INST131,SELL,MARKET,490,0,NEW
1749282470070513397,112,INST039,SELL,MARKET,870,0,NEW
1749282470070517515,113,INST036,SELL,MARKET,445,0,NEW
1749282470070525961,114,INST037,SELL,MARKET,945,0,NEW
1749282470070535221,115,INST178,SELL,LIMIT,675,89.52,NEW
1749282470070541131,25,INST036,BUY,LIMIT,565,0,CANCEL
1749282470070542335,116,INST107,BUY,MARKET,395,0,NEW
1749282470070544890,109,INST128,BUY,LIMIT,840,0,CANCEL
1749282470070548849,117,INST116,BUY,LIMIT,115,292.51,NEW
1749282470070557916,118,INST050,BUY,LIMIT,35,226.59,NEW
1749282470070561525,119,INST122,SELL,LIMIT,530,90.28,NEW
1749282470070570720,120,INST063,BUY,LIMIT,630,275.98,NEW
1749282470070578466,121,INST095,BUY,LIMIT,670,81.87,NEW
1749282470070582434,122,INST159,BUY,MARKET,470,0,NEW
1749282470070590486,123,INST121,BUY,LIMIT,445,137.08,NEW
1749282470070591277,75,INST006,BUY,LIMIT,105,106.12,MODIFY
1749282470070594678,124,INST015,SELL,LIMIT,165,62.55,NEW
1749282470070599701,125,INST040,BUY,MARKET,250,0,NEW
1749282470070604297,126,INST197,SELL,MARKET,130,0,NEW
1749282470070607212,127,INST102,SELL,LIMIT,300,484.23,NEW
1749282470070607784,35,INST178,SELL,LIMIT,415,245.67,MODIFY
1749282470070617565,105,INST105,SELL,LIMIT,400,124.67,MODIFY
1749282470070618310,19,INST100,BUY,MARKET,585,0,CANCEL
1749282470070623783,128,INST082,SELL,LIMIT,210,429.64,NEW
1749282470070627693,95,INST157,BUY,LIMIT,40,280.28,MODIFY
1749282470070630684,129,INST061,SELL,LIMIT,395,228.87,NEW
1749282470070632385,130,INST168,BUY,LIMIT,320,484.69,NEW
1749282470070639434,131,INST049,BUY,LIMIT,870,99.80,NEW
1749282470070645842,131,INST049,BUY,LIMIT,685,96.45,MODIFY
1749282470070647908,132,INST176,SELL,MARKET,730,0,NEW
1749282470070649585,61,INST136,SELL,LIMIT,335,0,CANCEL
1749282470070651578,133,INST123,SELL,LIMIT,460,333.22,NEW
1749282470070654753,134,INST146,BUY,MARKET,390,0,NEW
1749282470070658959,84,INST003,BUY,LIMIT,870,0,CANCEL
1749282470070660104,129,INST061,SELL,LIMIT,395,0,CANCEL
1749282470070661507,64,INST124,SELL,LIMIT,120,0,CANCEL
1749282470070663952,135,INST019,BUY,LIMIT,960,384.00,NEW
1749282470070668942,136,INST166,SELL,LIMIT,330,73.54,NEW
1749282470070675979,137,INST163,BUY,LIMIT,285,427.33,NEW
1749282470070683550,138,INST181,SELL,MARKET,280,0,NEW
1749282470070684466,3,INST053,SELL,LIMIT,210,442.78,MODIFY
1749282470070691435,139,INST081,SELL,LIMIT,730,434.34,NEW
1749282470070694362,140,INST193,BUY,MARKET,120,0,NEW
1749282470070697510,141,INST121,BUY,MARKET,105,0,NEW
1749282470070702620,142,INST133,SELL,LIMIT,910,404.23,NEW
1749282470070705676,143,INST168,BUY,MARKET,320,0,NEW
1749282470070709280,144,INST025,BUY,LIMIT,570,374.45,NEW
1749282470070717334,137,INST163,BUY,LIMIT,505,420.91,MODIFY
1749282470070720849,83,INST073,SELL,LIMIT,525,62.01,MODIFY
1749282470070724936,145,INST128,SELL,LIMIT,365,284.57,NEW
1749282470070726498,146,INST190,BUY,MARKET,840,0,NEW
1749282470070726847,147,INST012,BUY,LIMIT,815,470.99,NEW
1749282470070733171,35,INST178,SELL,LIMIT,265,0,CANCEL
1749282470070733428,148,INST074,SELL,LIMIT,525,361.67,NEW
1749282470070734019,149,INST044,SELL,LIMIT,465,53.04,NEW
1749282470070740442,150,INST154,SELL,MARKET,590,0,NEW
1749282470070746640,108,INST074,BUY,LIMIT,775,0,CANCEL
1749282470070750362,151,INST060,SELL,MARKET,260,0,NEW
1749282470070753493,152,INST115,SELL,MARKET,700,0,NEW
1749282470070754675,58,INST184,BUY,LIMIT,665,192.01,MODIFY
1749282470070764273,153,INST103,SELL,MARKET,370,0,NEW
1749282470070769483,154,INST169,SELL,MARKET,240,0,NEW
1749282470070773879,8,INST053,BUY,LIMIT,110,462.69,MODIFY
1749282470070779773,155,INST166,SELL,LIMIT,395,145.61,NEW
1749282470070785518,156,INST049,SELL,MARKET,705,0,NEW
1749282470070789407,149,INST044,SELL,LIMIT,460,52.40,MODIFY
1749282470070797303,157,INST054,BUY,LIMIT,600,354.19,NEW
1749282470070805314,158,INST094,BUY,MARKET,695,0,NEW
1749282470070809324,159,INST188,BUY,MARKET,885,0,NEW
1749282470070818273,160,INST167,BUY,LIMIT,285,385.17,NEW
1749282470070825192,161,INST003,SELL,MARKET,280,0,NEW
1749282470070829184,162,INST029,BUY,LIMIT,315,60.60,NEW
1749282470070835644,74,INST064,BUY,LIMIT,290,0,CANCEL
1749282470070838171,163,INST167,SELL,LIMIT,335,218.38,NEW
1749282470070846765,164,INST015,SELL,LIMIT,605,170.38,NEW
1749282470070855451,145,INST128,SELL,LIMIT,310,272.82,MODIFY
1749282470070863427,163,INST167,SELL,LIMIT,335,0,CANCEL
1749282470070864680,165,INST032,SELL,MARKET,435,0,NEW
1749282470070869828,166,INST192,SELL,LIMIT,195,386.03,NEW
1749282470070874375,99,INST053,BUY,LIMIT,270,152.81,MODIFY
1749282470070876815,167,INST014,SELL,MARKET,720,0,NEW
1749282470070878966,168,INST109,BUY,MARKET,35,0,NEW
1749282470070880016,169,INST153,BUY,LIMIT,385,261.57,NEW
1749282470070886019,170,INST068,SELL,LIMIT,305,105.80,NEW
1749282470070890740,131,INST049,BUY,LIMIT,870,0,CANCEL
1749282470070894225,171,INST096,SELL,MARKET,775,0,NEW
1749282470070894740,172,INST177,SELL,MARKET,250,0,NEW
1749282470070900892,173,INST005,BUY,MARKET,810,0,NEW
1749282470070903312,174,INST193,BUY,LIMIT,55,385.76,NEW
1749282470070912057,175,INST176,SELL,LIMIT,390,121.15,NEW
1749282470070914153,176,INST034,SELL,LIMIT,325,244.86,NEW
1749282470070921170,177,INST119,BUY,MARKET,40,0,NEW
1749282470070929889,178,INST027,SELL,LIMIT,540,359.76,NEW
1749282470070931071,34,INST086,BUY,MARKET,760,0,CANCEL
1749282470070938641,179,INST148,BUY,LIMIT,310,474.55,NEW
1749282470070946961,177,INST119,BUY,MARKET,40,0,CANCEL
1749282470070954007,180,INST091,BUY,MARKET,815,0,NEW
1749282470070960480,55,INST178,BUY,LIMIT,720,179.99,MODIFY
1749282470070963426,181,INST166,BUY,LIMIT,140,290.07,NEW
1749282470070965559,162,INST029,BUY,LIMIT,345,58.38,MODIFY
1749282470070969963,182,INST152,BUY,MARKET,925,0,NEW
1749282470070971235,183,INST023,BUY,LIMIT,620,485.69,NEW
1749282470070978123,113,INST036,SELL,MARKET,445,0,CANCEL
1749282470070986250,184,INST011,BUY,LIMIT,460,63.86,NEW
1749282470070993074,185,INST137,SELL,LIMIT,545,441.35,NEW
1749282470071000742,186,INST004,BUY,LIMIT,80,388.24,NEW
1749282470071002168,187,INST149,BUY,MARKET,905,0,NEW
1749282470071009037,188,INST134,SELL,MARKET,385,0,NEW
1749282470071011006,189,INST131,BUY,MARKET,605,0,NEW
1749282470071015328,190,INST039,SELL,LIMIT,400,56.38,NEW
1749282470071024160,18,INST171,BUY,MARKET,940,0,CANCEL
1749282470071026929,191,INST043,SELL,LIMIT,170,388.01,NEW
1749282470071034047,103,INST127,SELL,LIMIT,275,0,CANCEL
1749282470071042451,45,INST059,BUY,MARKET,950,0,CANCEL
1749282470071047388,192,INST021,BUY,MARKET,285,0,NEW
1749282470071050239,124,INST015,SELL,LIMIT,65,61.30,MODIFY
1749282470071058462,193,INST123,SELL,MARKET,35,0,NEW
1749282470071062282,181,INST166,BUY,LIMIT,140,0,CANCEL
1749282470071068578,194,INST023,SELL,LIMIT,530,318.59,NEW
1749282470071071807,107,INST008,SELL,LIMIT,120,0,CANCEL
1749282470071077253,195,INST125,SELL,LIMIT,205,274.75,NEW
1749282470071084987,17,INST119,SELL,MARKET,505,0,CANCEL
1749282470071087039,21,INST186,SELL,MARKET,700,0,CANCEL
1749282470071088209,196,INST176,SELL,MARKET,530,0,NEW
1749282470071090463,197,INST008,SELL,LIMIT,945,389.33,NEW
1749282470071093726,198,INST134,SELL,MARKET,135,0,NEW
1749282470071097077,32,INST117,SELL,LIMIT,690,0,CANCEL
1749282470071101903,79,INST128,BUY,LIMIT,335,0,CANCEL
1749282470071106552,137,INST163,BUY,LIMIT,845,421.79,MODIFY
1749282470071113936,199,INST193,SELL,LIMIT,470,115.59,NEW
1749282470071115235,200,INST023,BUY,MARKET,595,0,NEW
1749282470071124757,201,INST167,SELL,MARKET,820,0,NEW
1749282470071127845,160,INST167,BUY,LIMIT,285,0,CANCEL
1749282470071134099,174,INST193,BUY,LIMIT,910,376.35,MODIFY
1749282470071141141,202,INST065,SELL,LIMIT,650,478.53,NEW
1749282470071142910,203,INST123,BUY,MARKET,410,0,NEW
1749282470071144251,127,INST102,SELL,LIMIT,300,0,CANCEL
1749282470071148885,156,INST049,SELL,MARKET,705,0,CANCEL
1749282470071151028,204,INST092,SELL,LIMIT,55,289.97,NEW
1749282470071153025,185,INST137,SELL,LIMIT,690,454.10,MODIFY
1749282470071161446,141,INST121,BUY,LIMIT,480,389.31,MODIFY
1749282470071163494,205,INST021,BUY,LIMIT,875,103.32,NEW
1749282470071167335,199,INST193,SELL,LIMIT,930,115.45,MODIFY
1749282470071177123,130,INST168,BUY,LIMIT,320,0,CANCEL
1749282470071178613,52,INST137,SELL,LIMIT,90,144.50,MODIFY
1749282470071188140,206,INST052,BUY,LIMIT,740,274.52,NEW
1749282470071197311,207,INST001,BUY,LIMIT,55,68.42,NEW
1749282470071201729,208,INST179,SELL,MARKET,830,0,NEW
1749282470071206231,162,INST029,BUY,LIMIT,500,63.06,MODIFY
1749282470071212191,57,INST148,SELL,MARKET,530,0,CANCEL
1749282470071218386,209,INST089,BUY,MARKET,295,0,NEW
1749282470071219029,210,INST131,SELL,MARKET,640,0,NEW
1749282470071226149,211,INST153,SELL,MARKET,260,0,NEW
1749282470071235660,212,INST131,SELL,LIMIT,30,410.85,NEW
1749282470071236970,213,INST195,BUY,MARKET,725,0,NEW
1749282470071246485,59,INST194,SELL,LIMIT,655,464.37,MODIFY
1749282470071250795,126,INST197,SELL,LIMIT,820,149.49,MODIFY
1749282470071260404,214,INST123,BUY,MARKET,435,0,NEW
1749282470071268051,155,INST166,SELL,LIMIT,115,145.62,MODIFY
1749282470071270280,28,INST061,BUY,LIMIT,35,368.53,MODIFY
1749282470071279955,215,INST056,BUY,LIMIT,950,454.37,NEW
1749282470071289613,216,INST121,SELL,LIMIT,560,269.76,NEW
1749282470071293645,135,INST019,BUY,LIMIT,955,383.48,MODIFY
1749282470071294314,217,INST173,SELL,LIMIT,75,356.62,NEW
1749282470071301254,218,INST142,SELL,LIMIT,200,138.08,NEW
1749282470071309162,219,INST006,BUY,MARKET,785,0,NEW
1749282470071315085,110,INST035,SELL,LIMIT,500,324.97,MODIFY
1749282470071324209,220,INST069,SELL,LIMIT,970,426.52,NEW
1749282470071330821,221,INST121,SELL,LIMIT,725,223.35,NEW
1749282470071337665,222,INST024,SELL,LIMIT,375,309.40,NEW
1749282470071343646,223,INST187,BUY,LIMIT,335,453.14,NEW
1749282470071344943,46,INST141,SELL,LIMIT,220,182.88,MODIFY
1749282470071351654,126,INST197,SELL,MARKET,130,0,CANCEL
1749282470071352910,220,INST069,SELL,LIMIT,170,438.36,MODIFY
1749282470071360139,157,INST054,BUY,LIMIT,600,0,CANCEL
1749282470071362040,224,INST045,BUY,MARKET,730,0,NEW
1749282470071371591,225,INST154,BUY,MARKET,10,0,NEW
1749282470071371729,226,INST148,BUY,LIMIT,340,62.55,NEW
1749282470071380499,89,INST019,BUY,LIMIT,370,0,CANCEL
1749282470071390160,171,INST096,SELL,MARKET,775,0,CANCEL
1749282470071393306,143,INST168,BUY,MARKET,320,0,CANCEL
1749282470071396748,9,INST185,SELL,LIMIT,630,427.05,MODIFY
1749282470071399871,227,INST002,BUY,MARKET,765,0,NEW
1749282470071401101,134,INST146,BUY,LIMIT,980,381.29,MODIFY
1749282470071403558,228,INST002,SELL,LIMIT,670,386.70,NEW
1749282470071404814,229,INST123,BUY,LIMIT,240,435.52,NEW
1749282470071410501,230,INST070,SELL,MARKET,15,0,NEW
1749282470071415387,128,INST082,SELL,LIMIT,820,445.48,MODIFY
1749282470071423571,231,INST027,BUY,MARKET,730,0,NEW
1749282470071431924,232,INST180,SELL,MARKET,690,0,NEW
1749282470071432327,233,INST049,BUY,MARKET,255,0,NEW
1749282470071437751,234,INST010,BUY,LIMIT,325,450.55,NEW
1749282470071440352,235,INST180,BUY,LIMIT,25,373.49,NEW
1749282470071447141,166,INST192,SELL,LIMIT,195,0,CANCEL
1749282470071450105,203,INST123,BUY,MARKET,410,0,CANCEL
1749282470071452722,83,INST073,SELL,LIMIT,355,0,CANCEL
1749282470071459071,236,INST188,SELL,LIMIT,585,485.11,NEW
1749282470071461640,237,INST160,BUY,LIMIT,435,296.21,NEW
1749282470071469974,26,INST137,BUY,LIMIT,455,0,CANCEL
1749282470071478954,75,INST006,BUY,LIMIT,555,100.75,MODIFY
1749282470071480189,56,INST164,BUY,MARKET,270,0,CANCEL
1749282470071483697,238,INST036,SELL,LIMIT,720,455.27,NEW
1749282470071488475,67,INST142,SELL,LIMIT,250,160.48,MODIFY
1749282470071492489,239,INST197,SELL,LIMIT,805,327.17,NEW
1749282470071497760,240,INST044,SELL,MARKET,335,0,NEW
1749282470071502861,176,INST034,SELL,LIMIT,325,0,CANCEL
1749282470071510728,229,INST123,BUY,LIMIT,240,0,CANCEL
1749282470071515034,208,INST179,SELL,LIMIT,800,338.58,MODIFY
1749282470071523634,241,INST147,SELL,MARKET,240,0,NEW
1749282470071524072,242,INST167,BUY,LIMIT,960,295.03,NEW
1749282470071526411,243,INST169,SELL,LIMIT,880,156.23,NEW
1749282470071528722,31,INST198,SELL,LIMIT,825,311.91,MODIFY
1749282470071530755,244,INST111,BUY,LIMIT,365,342.59,NEW
1749282470071532686,245,INST007,SELL,MARKET,655,0,NEW
1749282470071536499,246,INST020,SELL,LIMIT,660,270.81,NEW
1749282470071540516,38,INST191,SELL,LIMIT,585,0,CANCEL
1749282470071541223,247,INST027,SELL,MARKET,375,0,NEW
1749282470071549804,248,INST139,SELL,LIMIT,460,123.92,NEW
1749282470071556720,249,INST029,SELL,LIMIT,485,377.15,NEW
1749282470071561070,250,INST002,SELL,LIMIT,975,443.33,NEW
1749282470071563286,251,INST024,BUY,MARKET,80,0,NEW
1749282470071570632,252,INST083,SELL,LIMIT,405,195.32,NEW
1749282470071575921,253,INST178,SELL,MARKET,510,0,NEW
1749282470071582307,254,INST195,SELL,MARKET,140,0,NEW
1749282470071590523,255,INST100,BUY,MARKET,55,0,NEW
1749282470071596912,256,INST155,BUY,MARKET,940,0,NEW
1749282470071601519,165,INST032,SELL,MARKET,435,0,CANCEL
1749282470071605172,257,INST189,SELL,MARKET,80,0,NEW
1749282470071613105,110,INST035,SELL,LIMIT,130,0,CANCEL
1749282470071618992,258,INST163,BUY,MARKET,935,0,NEW
1749282470071620063,259,INST178,SELL,LIMIT,940,83.67,NEW
1749282470071624943,260,INST004,SELL,LIMIT,860,419.98,NEW
1749282470071627861,150,INST154,SELL,MARKET,590,0,CANCEL
1749282470071629603,261,INST070,BUY,MARKET,185,0,NEW
1749282470071636038,50,INST200,SELL,LIMIT,830,393.41,MODIFY
1749282470071637656,262,INST141,BUY,LIMIT,110,249.43,NEW
1749282470071639210,263,INST003,BUY,MARKET,430,0,NEW
1749282470071639963,162,INST029,BUY,LIMIT,540,62.28,MODIFY
1749282470071647850,264,INST045,BUY,MARKET,560,0,NEW
1749282470071650184,265,INST137,SELL,MARKET,505,0,NEW
1749282470071656219,266,INST148,SELL,MARKET,105,0,NEW
1749282470071664491,267,INST115,SELL,LIMIT,170,336.42,NEW
1749282470071670379,268,INST127,BUY,LIMIT,625,62.46,NEW
1749282470071674792,68,INST148,BUY,LIMIT,135,138.79,MODIFY
1749282470071679466,62,INST164,SELL,LIMIT,845,0,CANCEL
1749282470071686539,269,INST130,SELL,MARKET,505,0,NEW
1749282470071686979,211,INST153,SELL,MARKET,260,0,CANCEL
1749282470071693316,30,INST074,BUY,MARKET,530,0,CANCEL
1749282470071696902,270,INST191,BUY,LIMIT,275,440.98,NEW
1749282470071703494,78,INST040,SELL,MARKET,780,0,CANCEL
1749282470071710564,9,INST185,SELL,LIMIT,620,298.55,MODIFY
1749282470071715399,271,INST193,BUY,LIMIT,405,141.11,NEW
1749282470071718185,226,INST148,BUY,LIMIT,175,62.05,MODIFY
1749282470071721188,164,INST015,SELL,LIMIT,605,0,CANCEL
1749282470071730351,272,INST027,SELL,MARKET,95,0,NEW
1749282470071740318,273,INST174,BUY,MARKET,180,0,NEW
1749282470071740887,224,INST045,BUY,LIMIT,450,285.37,MODIFY
1749282470071745240,206,INST052,BUY,LIMIT,930,266.47,MODIFY
1749282470071751652,274,INST073,SELL,MARKET,630,0,NEW
1749282470071758420,275,INST136,SELL,LIMIT,385,348.47,NEW
1749282470071767229,276,INST152,SELL,MARKET,745,0,NEW
1749282470071776108,248,INST139,SELL,LIMIT,210,118.23,MODIFY
1749282470071781701,277,INST083,BUY,MARKET,880,0,NEW
1749282470071784721,278,INST101,BUY,LIMIT,525,400.30,NEW
1749282470071791565,279,INST108,SELL,LIMIT,220,369.09,NEW
1749282470071800108,186,INST004,BUY,LIMIT,870,386.69,MODIFY
1749282470071805259,69,INST038,SELL,MARKET,515,0,CANCEL
1749282470071809838,280,INST119,SELL,LIMIT,730,111.94,NEW
1749282470071813243,281,INST141,SELL,LIMIT,785,360.65,NEW
1749282470071819031,282,INST145,SELL,MARKET,890,0,NEW
1749282470071828615,283,INST028,BUY,LIMIT,45,442.35,NEW
1749282470071830423,180,INST091,BUY,LIMIT,865,388.01,MODIFY
1749282470071840342,284,INST059,BUY,LIMIT,250,331.43,NEW
1749282470071842127,285,INST017,BUY,MARKET,610,0,NEW
1749282470071844780,286,INST030,BUY,LIMIT,705,365.17,NEW
1749282470071846500,287,INST135,SELL,MARKET,280,0,NEW
1749282470071851504,288,INST059,BUY,MARKET,200,0,NEW
1749282470071855679,289,INST133,BUY,MARKET,530,0,NEW
1749282470071861589,197,INST008,SELL,LIMIT,565,407.45,MODIFY
1749282470071867313,290,INST025,SELL,MARKET,730,0,NEW
1749282470071872627,291,INST112,SELL,MARKET,610,0,NEW
1749282470071875490,292,INST119,BUY,MARKET,220,0,NEW
1749282470071879343,293,INST145,SELL,LIMIT,215,372.73,NEW
1749282470071880894,183,INST023,BUY,LIMIT,900,506.80,MODIFY
1749282470071883866,294,INST115,SELL,LIMIT,635,253.30,NEW
1749282470071888400,295,INST018,SELL,LIMIT,595,209.41,NEW
1749282470071890487,296,INST043,SELL,LIMIT,275,338.63,NEW
1749282470071892076,46,INST141,SELL,LIMIT,815,269.95,MODIFY
1749282470071892704,297,INST048,BUY,MARKET,370,0,NEW
1749282470071894593,298,INST199,BUY,MARKET,195,0,NEW
1749282470071898363,299,INST058,SELL,MARKET,880,0,NEW
1749282470071902262,266,INST148,SELL,MARKET,105,0,CANCEL
1749282470071906832,300,INST025,SELL,MARKET,400,0,NEW
1749282470071910348,191,INST043,SELL,LIMIT,170,0,CANCEL
1749282470071911014,301,INST051,SELL,MARKET,625,0,NEW
1749282470071918848,302,INST027,SELL,LIMIT,190,421.60,NEW
1749282470071920033,303,INST135,SELL,MARKET,440,0,NEW
1749282470071926296,304,INST103,BUY,MARKET,75,0,NEW
1749282470071936192,305,INST002,BUY,LIMIT,685,134.29,NEW
1749282470071942228,306,INST147,SELL,MARKET,725,0,NEW
1749282470071952018,307,INST165,SELL,MARKET,430,0,NEW
1749282470071952870,308,INST174,SELL,MARKET,310,0,NEW
1749282470071959836,91,INST054,BUY,LIMIT,755,0,CANCEL
1749282470071969189,309,INST117,SELL,MARKET,90,0,NEW
1749282470071977014,310,INST055,BUY,LIMIT,240,314.82,NEW
1749282470071981697,223,INST187,BUY,LIMIT,30,451.02,MODIFY
1749282470071982924,138,INST181,SELL,MARKET,280,0,CANCEL
1749282470071992553,311,INST059,BUY,MARKET,910,0,NEW
1749282470071992663,312,INST090,BUY,LIMIT,650,220.18,NEW
1749282470072000145,313,INST147,SELL,LIMIT,325,274.52,NEW
1749282470072007282,314,INST091,BUY,MARKET,50,0,NEW
1749282470072014933,82,INST090,SELL,MARKET,520,0,CANCEL
1749282470072024098,315,INST073,BUY,MARKET,15,0,NEW
1749282470072025621,316,INST095,SELL,MARKET,135,0,NEW
1749282470072028034,248,INST139,SELL,LIMIT,725,125.51,MODIFY
1749282470072028615,317,INST108,SELL,MARKET,200,0,NEW
1749282470072030623,318,INST144,BUY,MARKET,850,0,NEW
1749282470072036103,319,INST106,BUY,MARKET,255,0,NEW
1749282470072037012,320,INST088,SELL,MARKET,620,0,NEW
1749282470072043546,321,INST135,BUY,MARKET,365,0,NEW
1749282470072045582,322,INST198,BUY,LIMIT,620,332.38,NEW
1749282470072051714,323,INST132,BUY,LIMIT,510,355.54,NEW
1749282470072059444,324,INST040,BUY,MARKET,965,0,NEW
1749282470072066609,325,INST135,BUY,MARKET,655,0,NEW
1749282470072075478,326,INST052,BUY,MARKET,435,0,NEW
1749282470072080315,92,INST150,BUY,LIMIT,710,0,CANCEL
1749282470072085359,327,INST115,BUY,MARKET,750,0,NEW
1749282470072086696,328,INST017,BUY,LIMIT,305,132.13,NEW
1749282470072087041,329,INST143,SELL,LIMIT,560,210.13,NEW
1749282470072095035,3,INST053,SELL,LIMIT,500,481.69,MODIFY
1749282470072104483,167,INST014,SELL,MARKET,720,0,CANCEL
1749282470072111376,330,INST176,SELL,MARKET,960,0,NEW
1749282470072115735,269,INST130,SELL,LIMIT,310,55.43,MODIFY
1749282470072123115,331,INST033,SELL,MARKET,175,0,NEW
1749282470072128898,332,INST077,SELL,MARKET,160,0,NEW
1749282470072136635,333,INST002,BUY,MARKET,375,0,NEW
1749282470072144797,334,INST102,SELL,LIMIT,155,478.51,NEW
1749282470072148796,51,INST177,BUY,MARKET,585,0,CANCEL
1749282470072152552,192,INST021,BUY,LIMIT,545,186.53,MODIFY
1749282470072157313,275,INST136,SELL,LIMIT,385,0,CANCEL
1749282470072162509,335,INST091,SELL,MARKET,795,0,NEW
1749282470072167393,336,INST080,BUY,MARKET,355,0,NEW
1749282470072168738,337,INST153,SELL,MARKET,445,0,NEW
1749282470072176368,338,INST091,BUY,MARKET,930,0,NEW
1749282470072183027,339,INST162,BUY,LIMIT,320,269.00,NEW
1749282470072188948,295,INST018,SELL,LIMIT,595,0,CANCEL
1749282470072190874,340,INST074,BUY,LIMIT,845,190.09,NEW
1749282470072197801,68,INST148,BUY,LIMIT,925,0,CANCEL
1749282470072200429,341,INST031,SELL,LIMIT,185,294.00,NEW
1749282470072210161,188,INST134,SELL,MARKET,385,0,CANCEL
1749282470072214112,342,INST150,BUY,MARKET,160,0,NEW
1749282470072221460,322,INST198,BUY,LIMIT,620,0,CANCEL
1749282470072224015,343,INST163,BUY,LIMIT,295,267.65,NEW
1749282470072230255,151,INST060,SELL,LIMIT,555,472.77,MODIFY
1749282470072232715,344,INST018,SELL,MARKET,640,0,NEW
1749282470072241389,345,INST039,BUY,LIMIT,665,179.58,NEW
1749282470072250375,346,INST040,BUY,LIMIT,845,251.31,NEW
1749282470072251050,347,INST139,SELL,LIMIT,75,373.65,NEW
1749282470072256200,337,INST153,SELL,MARKET,445,0,CANCEL
1749282470072263295,348,INST088,BUY,LIMIT,165,455.61,NEW
1749282470072267551,349,INST052,BUY,MARKET,905,0,NEW
1749282470072269124,350,INST005,BUY,LIMIT,795,177.05,NEW
1749282470072278135,351,INST052,BUY,MARKET,315,0,NEW
1749282470072280507,283,INST028,BUY,LIMIT,45,0,CANCEL
1749282470072281567,352,INST038,BUY,LIMIT,160,290.69,NEW
1749282470072284848,346,INST040,BUY,LIMIT,340,256.92,MODIFY
1749282470072290879,185,INST137,SELL,LIMIT,545,0,CANCEL
1749282470072300093,353,INST112,BUY,MARKET,150,0,NEW
1749282470072301159,354,INST064,BUY,LIMIT,205,162.77,NEW
1749282470072304756,355,INST146,BUY,LIMIT,760,466.99,NEW
1749282470072310025,356,INST119,BUY,MARKET,200,0,NEW
1749282470072311893,357,INST020,BUY,MARKET,555,0,NEW
1749282470072313658,358,INST010,SELL,MARKET,425,0,NEW
1749282470072318103,169,INST153,BUY,LIMIT,790,272.51,MODIFY
1749282470072326639,359,INST085,BUY,LIMIT,265,127.54,NEW
1749282470072327234,245,INST007,SELL,MARKET,655,0,CANCEL
1749282470072332364,360,INST061,SELL,LIMIT,465,234.50,NEW
1749282470072332531,339,INST162,BUY,LIMIT,190,257.96,MODIFY
1749282470072339940,361,INST173,SELL,LIMIT,20,158.29,NEW
1749282470072342838,222,INST024,SELL,LIMIT,375,0,CANCEL
1749282470072346556,362,INST122,BUY,LIMIT,165,289.11,NEW
1749282470072352646,325,INST135,BUY,MARKET,655,0,CANCEL
1749282470072359605,363,INST143,BUY,LIMIT,340,220.96,NEW
1749282470072361016,364,INST185,SELL,MARKET,40,0,NEW
1749282470072368407,365,INST193,SELL,MARKET,40,0,NEW
1749282470072369722,366,INST172,SELL,LIMIT,735,220.65,NEW
1749282470072372141,367,INST193,SELL,LIMIT,380,259.36,NEW
1749282470072380583,368,INST184,SELL,MARKET,515,0,NEW
1749282470072381246,369,INST120,BUY,LIMIT,125,127.26,NEW
1749282470072382060,370,INST156,BUY,MARKET,185,0,NEW
1749282470072387541,334,INST102,SELL,LIMIT,155,0,CANCEL
1749282470072389745,371,INST015,SELL,MARKET,980,0,NEW
1749282470072391189,123,INST121,BUY,LIMIT,570,142.52,MODIFY
1749282470072394006,372,INST056,BUY,MARKET,205,0,NEW
1749282470072401684,373,INST117,BUY,LIMIT,455,126.74,NEW
1749282470072409011,374,INST016,SELL,MARKET,320,0,NEW
1749282470072415190,375,INST049,BUY,MARKET,820,0,NEW
1749282470072415509,376,INST120,SELL,MARKET,635,0,NEW
1749282470072420313,174,INST193,BUY,LIMIT,55,0,CANCEL
1749282470072427598,377,INST100,BUY,MARKET,625,0,NEW
1749282470072428524,378,INST187,BUY,LIMIT,440,66.79,NEW
1749282470072437590,259,INST178,SELL,LIMIT,630,79.69,MODIFY
1749282470072447260,379,INST018,BUY,MARKET,865,0,NEW
1749282470072451349,380,INST102,SELL,MARKET,110,0,NEW
1749282470072457841,381,INST141,BUY,MARKET,955,0,NEW
1749282470072460561,382,INST008,BUY,MARKET,90,0,NEW
1749282470072463127,383,INST037,BUY,LIMIT,625,314.43,NEW
1749282470072466407,384,INST166,BUY,LIMIT,290,484.78,NEW
1749282470072467429,385,INST108,BUY,LIMIT,10,247.37,NEW
1749282470072475272,386,INST067,BUY,LIMIT,210,392.61,NEW
1749282470072481372,387,INST050,SELL,LIMIT,970,477.79,NEW
1749282470072489653,388,INST091,BUY,LIMIT,370,179.75,NEW
1749282470072489776,389,INST014,BUY,LIMIT,630,339.29,NEW
1749282470072496575,390,INST053,SELL,LIMIT,265,376.36,NEW
1749282470072502018,142,INST133,SELL,LIMIT,390,408.45,MODIFY
1749282470072511415,391,INST144,BUY,LIMIT,545,322.89,NEW
1749282470072512339,392,INST031,BUY,LIMIT,175,124.93,NEW
1749282470072516680,393,INST141,SELL,MARKET,605,0,NEW
1749282470072519358,394,INST104,SELL,LIMIT,535,82.56,NEW
1749282470072529153,395,INST163,BUY,LIMIT,715,380.02,NEW
1749282470072536550,396,INST108,BUY,LIMIT,5,435.95,NEW
1749282470072542879,397,INST193,BUY,LIMIT,220,265.69,NEW
1749282470072548607,398,INST012,SELL,LIMIT,100,262.52,NEW
1749282470072552775,399,INST102,SELL,LIMIT,705,479.88,NEW
1749282470072556905,400,INST125,SELL,LIMIT,5,395.67,NEW
1749282470072559399,401,INST184,BUY,MARKET,620,0,NEW
1749282470072559560,105,INST105,SELL,LIMIT,825,128.37,MODIFY
1749282470072567825,402,INST157,BUY,LIMIT,365,488.92,NEW
1749282470072569979,403,INST069,BUY,MARKET,765,0,NEW
1749282470072573015,404,INST165,SELL,LIMIT,410,410.92,NEW
1749282470072577965,405,INST049,SELL,LIMIT,300,74.91,NEW
1749282470072583877,406,INST173,SELL,MARKET,725,0,NEW
1749282470072585632,318,INST144,BUY,MARKET,850,0,CANCEL
1749282470072588924,301,INST051,SELL,MARKET,625,0,CANCEL
1749282470072594334,407,INST076,SELL,LIMIT,270,239.12,NEW
1749282470072599164,408,INST146,BUY,LIMIT,420,260.63,NEW
1749282470072599672,409,INST074,BUY,MARKET,490,0,NEW
1749282470072605993,410,INST199,BUY,MARKET,230,0,NEW
1749282470072611815,411,INST096,SELL,MARKET,380,0,NEW
1749282470072620935,412,INST012,SELL,MARKET,85,0,NEW
1749282470072629741,413,INST105,BUY,LIMIT,60,446.93,NEW
1749282470072639571,168,INST109,BUY,MARKET,35,0,CANCEL
1749282470072648829,58,INST184,BUY,MARKET,400,0,CANCEL
1749282470072656625,414,INST157,BUY,LIMIT,720,421.50,NEW
1749282470072663390,415,INST118,BUY,MARKET,500,0,NEW
1749282470072664278,416,INST087,SELL,LIMIT,995,59.84,NEW
1749282470072666247,417,INST048,BUY,MARKET,915,0,NEW
1749282470072671371,418,INST187,SELL,MARKET,45,0,NEW
1749282470072675713,419,INST058,BUY,MARKET,495,0,NEW
1749282470072683735,420,INST163,SELL,MARKET,515,0,NEW
1749282470072689227,106,INST186,SELL,LIMIT,135,209.89,MODIFY
1749282470072697231,42,INST092,BUY,LIMIT,590,362.90,MODIFY
1749282470072707081,421,INST108,SELL,MARKET,390,0,NEW
1749282470072713425,422,INST003,BUY,MARKET,145,0,NEW
1749282470072719929,423,INST056,BUY,LIMIT,480,495.47,NEW
1749282470072723451,424,INST092,BUY,MARKET,135,0,NEW
1749282470072727010,425,INST048,SELL,MARKET,280,0,NEW
1749282470072734131,426,INST112,SELL,MARKET,160,0,NEW
1749282470072744019,427,INST010,SELL,LIMIT,980,471.86,NEW
1749282470072752580,428,INST110,SELL,MARKET,435,0,NEW
1749282470072754942,429,INST047,BUY,MARKET,415,0,NEW
1749282470072755741,430,INST153,BUY,MARKET,725,0,NEW
1749282470072762180,431,INST086,BUY,LIMIT,235,490.22,NEW
1749282470072769479,432,INST021,BUY,LIMIT,15,211.02,NEW
1749282470072776138,433,INST036,BUY,MARKET,500,0,NEW
1749282470072784519,424,INST092,BUY,MARKET,135,0,CANCEL
1749282470072790245,434,INST050,BUY,LIMIT,605,96.41,NEW
1749282470072795309,435,INST032,BUY,MARKET,565,0,NEW
1749282470072802976,436,INST058,BUY,LIMIT,315,321.69,NEW
1749282470072812386,437,INST200,SELL,MARKET,685,0,NEW
1749282470072817405,438,INST133,BUY,MARKET,215,0,NEW
1749282470072823945,439,INST183,SELL,MARKET,865,0,NEW
1749282470072830210,421,INST108,SELL,MARKET,390,0,CANCEL
1749282470072837074,199,INST193,SELL,LIMIT,470,0,CANCEL
1749282470072845934,440,INST030,BUY,LIMIT,885,74.86,NEW
1749282470072852218,441,INST191,SELL,LIMIT,40,438.22,NEW
1749282470072855788,442,INST044,SELL,MARKET,285,0,NEW
1749282470072864271,443,INST002,BUY,LIMIT,200,485.84,NEW
1749282470072871514,444,INST179,BUY,MARKET,275,0,NEW
1749282470072873845,445,INST191,SELL,LIMIT,285,306.38,NEW
1749282470072875548,446,INST200,SELL,LIMIT,755,149.99,NEW
1749282470072876435,86,INST022,BUY,LIMIT,990,336.43,MODIFY
1749282470072879853,447,INST057,SELL,LIMIT,575,224.89,NEW
1749282470072881924,448,INST005,BUY,MARKET,420,0,NEW
1749282470072885108,449,INST156,SELL,MARKET,370,0,NEW
1749282470072891162,450,INST142,BUY,LIMIT,310,492.98,NEW
1749282470072897381,451,INST064,BUY,MARKET,430,0,NEW
1749282470072906169,347,INST139,SELL,LIMIT,240,374.19,MODIFY
1749282470072915625,452,INST002,BUY,LIMIT,950,371.91,NEW
1749282470072922308,453,INST138,BUY,MARKET,680,0,NEW
1749282470072922605,454,INST042,SELL,MARKET,380,0,NEW
1749282470072931435,455,INST051,BUY,MARKET,505,0,NEW
1749282470072935756,448,INST005,BUY,LIMIT,845,403.56,MODIFY
1749282470072936159,456,INST155,SELL,MARKET,370,0,NEW
1749282470072944429,377,INST100,BUY,LIMIT,495,266.31,MODIFY
1749282470072945496,12,INST037,BUY,MARKET,440,0,CANCEL
1749282470072951184,457,INST042,BUY,MARKET,15,0,NEW
1749282470072958840,458,INST028,SELL,LIMIT,635,360.98,NEW
1749282470072968723,459,INST146,BUY,MARKET,435,0,NEW
1749282470072975333,460,INST121,SELL,MARKET,200,0,NEW
1749282470072978041,461,INST095,SELL,LIMIT,570,174.23,NEW
1749282470072982836,462,INST092,SELL,LIMIT,880,229.94,NEW
1749282470072982962,463,INST033,BUY,LIMIT,665,212.32,NEW
1749282470072985928,377,INST100,BUY,MARKET,625,0,CANCEL
1749282470072992453,464,INST077,BUY,LIMIT,740,232.90,NEW
1749282470073000903,465,INST111,BUY,LIMIT,330,436.61,NEW
1749282470073001343,466,INST176,SELL,MARKET,755,0,NEW
1749282470073005324,467,INST173,BUY,LIMIT,725,70.42,NEW
1749282470073006243,210,INST131,SELL,MARKET,640,0,CANCEL
1749282470073009134,468,INST031,SELL,MARKET,835,0,NEW
1749282470073009458,469,INST051,SELL,MARKET,990,0,NEW
1749282470073017902,470,INST200,SELL,MARKET,710,0,NEW
1749282470073022850,471,INST045,SELL,MARKET,770,0,NEW
1749282470073025393,121,INST095,BUY,LIMIT,925,82.94,MODIFY
1749282470073033962,472,INST181,BUY,MARKET,980,0,NEW
1749282470073037740,473,INST169,BUY,LIMIT,130,185.33,NEW
1749282470073047057,474,INST126,SELL,MARKET,340,0,NEW
1749282470073049017,475,INST149,BUY,MARKET,90,0,NEW
1749282470073051662,476,INST102,BUY,LIMIT,185,244.26,NEW
1749282470073054987,477,INST167,SELL,LIMIT,895,166.35,NEW
1749282470073062913,478,INST033,SELL,MARKET,60,0,NEW
1749282470073069621,407,INST076,SELL,LIMIT,870,248.71,MODIFY
1749282470073073819,479,INST100,SELL,MARKET,875,0,NEW
1749282470073078882,480,INST134,SELL,MARKET,435,0,NEW
1749282470073083152,481,INST050,SELL,MARKET,445,0,NEW
1749282470073084688,482,INST054,SELL,LIMIT,120,191.38,NEW
1749282470073092996,483,INST027,BUY,LIMIT,835,263.97,NEW
1749282470073093553,484,INST145,SELL,LIMIT,265,405.16,NEW
1749282470073102940,485,INST162,SELL,MARKET,645,0,NEW
1749282470073108379,486,INST003,SELL,MARKET,40,0,NEW
1749282470073110537,487,INST029,SELL,MARKET,460,0,NEW
1749282470073111447,429,INST047,BUY,LIMIT,780,103.72,MODIFY
1749282470073116768,488,INST020,SELL,MARKET,605,0,NEW
1749282470073124327,489,INST150,SELL,MARKET,275,0,NEW
1749282470073126287,490,INST031,BUY,MARKET,315,0,NEW
1749282470073134857,238,INST036,SELL,LIMIT,295,446.08,MODIFY
1749282470073135215,491,INST200,SELL,LIMIT,815,222.11,NEW
1749282470073137376,492,INST043,BUY,MARKET,800,0,NEW
1749282470073142377,493,INST117,BUY,MARKET,550,0,NEW
1749282470073144815,494,INST106,BUY,LIMIT,780,457.06,NEW
1749282470073154145,495,INST151,BUY,MARKET,95,0,NEW
1749282470073162725,27,INST136,BUY,MARKET,310,0,CANCEL
1749282470073170043,496,INST019,BUY,MARKET,20,0,NEW
1749282470073177334,497,INST041,SELL,LIMIT,365,340.22,NEW
1749282470073182162,498,INST122,BUY,MARKET,530,0,NEW
1749282470073190838,343,INST163,BUY,LIMIT,295,0,CANCEL
1749282470073191652,499,INST154,SELL,MARKET,330,0,NEW
1749282470073196017,500,INST127,BUY,MARKET,915,0,NEW
1749282470073196359,501,INST073,BUY,LIMIT,960,272.06,NEW
1749282470073201229,502,INST069,SELL,MARKET,185,0,NEW
1749282470073201798,276,INST152,SELL,LIMIT,870,137.15,MODIFY
1749282470073204037,503,INST025,BUY,LIMIT,285,365.14,NEW
1749282470073210020,504,INST024,BUY,LIMIT,680,247.33,NEW
1749282470073211812,505,INST060,SELL,LIMIT,35,182.06,NEW
1749282470073220076,506,INST141,BUY,MARKET,350,0,NEW
1749282470073226515,507,INST150,BUY,MARKET,25,0,NEW
1749282470073236282,508,INST112,BUY,MARKET,160,0,NEW
1749282470073242742,509,INST050,BUY,MARKET,415,0,NEW
1749282470073243412,510,INST126,BUY,MARKET,80,0,NEW
1749282470073247452,511,INST127,SELL,LIMIT,265,487.49,NEW
1749282470073255046,512,INST044,SELL,MARKET,915,0,NEW
1749282470073263960,513,INST112,SELL,LIMIT,340,173.09,NEW
1749282470073273616,122,INST159,BUY,LIMIT,995,478.00,MODIFY
1749282470073279420,514,INST137,BUY,LIMIT,160,87.61,NEW
1749282470073282659,515,INST200,SELL,MARKET,250,0,NEW
1749282470073283007,516,INST002,SELL,LIMIT,395,165.66,NEW
1749282470073285604,8,INST053,BUY,LIMIT,620,125.66,MODIFY
1749282470073286781,517,INST060,BUY,MARKET,585,0,NEW
1749282470073288228,518,INST004,SELL,LIMIT,585,365.98,NEW
1749282470073295861,519,INST036,BUY,MARKET,345,0,NEW
1749282470073304836,520,INST170,BUY,LIMIT,290,445.28,NEW
1749282470073304990,521,INST163,SELL,MARKET,640,0,NEW
1749282470073309405,330,INST176,SELL,MARKET,960,0,CANCEL
1749282470073310113,522,INST152,BUY,LIMIT,80,445.19,NEW
1749282470073314217,523,INST140,BUY,LIMIT,40,470.99,NEW
1749282470073316161,524,INST188,SELL,LIMIT,875,415.36,NEW
1749282470073321705,361,INST173,SELL,LIMIT,20,0,CANCEL
1749282470073328110,525,INST127,BUY,MARKET,610,0,NEW
1749282470073333252,526,INST196,SELL,MARKET,195,0,NEW
1749282470073338076,527,INST167,BUY,MARKET,745,0,NEW
1749282470073342251,528,INST130,SELL,MARKET,365,0,NEW
1749282470073344499,529,INST126,BUY,LIMIT,410,332.63,NEW
1749282470073349844,530,INST011,BUY,MARKET,330,0,NEW
1749282470073354585,531,INST146,SELL,MARKET,900,0,NEW
1749282470073356642,532,INST136,SELL,LIMIT,375,317.87,NEW
1749282470073365280,331,INST033,SELL,LIMIT,770,161.89,MODIFY
1749282470073368029,533,INST019,BUY,LIMIT,925,115.47,NEW
1749282470073369309,534,INST074,BUY,MARKET,885,0,NEW
1749282470073377870,314,INST091,BUY,LIMIT,405,228.83,MODIFY
1749282470073387180,535,INST182,BUY,LIMIT,755,171.88,NEW
1749282470073392055,536,INST034,BUY,MARKET,560,0,NEW
1749282470073392639,537,INST089,SELL,LIMIT,175,465.50,NEW
1749282470073401724,538,INST085,BUY,MARKET,845,0,NEW
1749282470073407092,539,INST106,BUY,LIMIT,910,99.24,NEW
1749282470073413371,540,INST052,BUY,MARKET,360,0,NEW
1749282470073422401,541,INST088,BUY,MARKET,20,0,NEW
1749282470073432187,507,INST150,BUY,MARKET,25,0,CANCEL
1749282470073436084,149,INST044,SELL,LIMIT,465,0,CANCEL
1749282470073439466,338,INST091,BUY,MARKET,930,0,CANCEL
1749282470073447370,542,INST136,BUY,MARKET,265,0,NEW
1749282470073449538,47,INST177,BUY,LIMIT,585,149.41,MODIFY
1749282470073450665,543,INST110,BUY,LIMIT,630,148.65,NEW
1749282470073454535,544,INST136,SELL,MARKET,450,0,NEW
1749282470073457685,520,INST170,BUY,LIMIT,325,465.84,MODIFY
1749282470073458941,288,INST059,BUY,MARKET,200,0,CANCEL
1749282470073467775,219,INST006,BUY,LIMIT,340,365.73,MODIFY
1749282470073477028,455,INST051,BUY,MARKET,505,0,CANCEL
1749282470073486218,545,INST072,SELL,LIMIT,855,234.21,NEW
1749282470073491562,546,INST024,BUY,LIMIT,715,435.86,NEW
1749282470073501483,547,INST094,SELL,MARKET,230,0,NEW
1749282470073505615,123,INST121,BUY,LIMIT,445,0,CANCEL
1749282470073515174,548,INST080,SELL,MARKET,440,0,NEW
1749282470073519383,549,INST016,BUY,MARKET,40,0,NEW
1749282470073520981,97,INST114,BUY,LIMIT,155,460.19,MODIFY
1749282470073527220,550,INST004,BUY,LIMIT,385,493.51,NEW
1749282470073534953,551,INST130,SELL,LIMIT,445,280.49,NEW
1749282470073544463,552,INST136,BUY,MARKET,380,0,NEW
1749282470073547718,553,INST129,BUY,LIMIT,630,432.30,NEW
1749282470073549147,554,INST107,BUY,MARKET,875,0,NEW
1749282470073554489,555,INST119,SELL,LIMIT,220,200.55,NEW
1749282470073563396,556,INST148,SELL,LIMIT,340,415.49,NEW
1749282470073570398,557,INST065,SELL,LIMIT,270,396.03,NEW
1749282470073573583,386,INST067,BUY,LIMIT,210,0,CANCEL
1749282470073581531,558,INST151,SELL,MARKET,305,0,NEW
1749282470073583230,559,INST190,BUY,LIMIT,815,200.71,NEW
1749282470073593161,101,INST118,BUY,LIMIT,590,464.93,MODIFY
1749282470073593286,525,INST127,BUY,MARKET,610,0,CANCEL
1749282470073600055,560,INST034,SELL,MARKET,775,0,NEW
1749282470073604944,561,INST055,BUY,MARKET,455,0,NEW
1749282470073606506,548,INST080,SELL,MARKET,440,0,CANCEL
1749282470073613170,562,INST016,BUY,MARKET,465,0,NEW
1749282470073613565,563,INST066,SELL,MARKET,195,0,NEW
1749282470073616145,564,INST121,BUY,MARKET,900,0,NEW
1749282470073626042,565,INST162,BUY,LIMIT,700,150.93,NEW
1749282470073630710,254,INST195,SELL,LIMIT,225,482.56,MODIFY
1749282470073630929,566,INST065,SELL,LIMIT,315,422.99,NEW
1749282470073638470,151,INST060,SELL,LIMIT,110,464.09,MODIFY
1749282470073640789,251,INST024,BUY,LIMIT,170,294.59,MODIFY
1749282470073641034,567,INST195,BUY,MARKET,795,0,NEW
1749282470073648408,568,INST046,SELL,MARKET,205,0,NEW
1749282470073653153,417,INST048,BUY,MARKET,915,0,CANCEL
1749282470073653536,285,INST017,BUY,LIMIT,710,443.95,MODIFY
1749282470073660026,243,INST169,SELL,LIMIT,300,159.55,MODIFY
1749282470073664069,422,INST003,BUY,MARKET,145,0,CANCEL
1749282470073667325,569,INST023,BUY,MARKET,435,0,NEW
1749282470073673871,570,INST003,BUY,LIMIT,780,107.11,NEW
1749282470073676143,571,INST166,BUY,MARKET,215,0,NEW
1749282470073683570,572,INST030,SELL,MARKET,995,0,NEW
1749282470073693477,573,INST036,BUY,MARKET,70,0,NEW
1749282470073696781,574,INST049,SELL,LIMIT,635,107.92,NEW
1749282470073699685,575,INST005,SELL,LIMIT,445,214.09,NEW
1749282470073704221,576,INST083,BUY,LIMIT,440,310.76,NEW
1749282470073713210,577,INST183,BUY,MARKET,205,0,NEW
1749282470073716606,578,INST073,BUY,LIMIT,135,218.51,NEW
1749282470073720311,567,INST195,BUY,LIMIT,555,430.66,MODIFY
1749282470073728371,579,INST180,SELL,LIMIT,1000,189.75,NEW
1749282470073735379,236,INST188,SELL,LIMIT,585,0,CANCEL
1749282470073739281,319,INST106,BUY,MARKET,255,0,CANCEL
1749282470073744155,580,INST032,BUY,MARKET,580,0,NEW
1749282470073750459,581,INST198,BUY,MARKET,690,0,NEW
1749282470073757908,582,INST103,BUY,LIMIT,195,108.64,NEW
1749282470073762906,583,INST121,SELL,MARKET,820,0,NEW
1749282470073771952,584,INST001,SELL,MARKET,855,0,NEW
1749282470073774251,569,INST023,BUY,MARKET,435,0,CANCEL
1749282470073776835,459,INST146,BUY,MARKET,435,0,CANCEL
1749282470073779743,585,INST074,SELL,LIMIT,450,383.02,NEW
1749282470073783519,586,INST011,BUY,MARKET,360,0,NEW
1749282470073784353,587,INST033,BUY,LIMIT,950,424.95,NEW
1749282470073786118,588,INST060,SELL,LIMIT,685,490.49,NEW
1749282470073790520,464,INST077,BUY,LIMIT,740,0,CANCEL
1749282470073799845,589,INST143,BUY,MARKET,20,0,NEW
1749282470073802052,204,INST092,SELL,LIMIT,135,290.42,MODIFY
1749282470073811620,590,INST050,BUY,MARKET,910,0,NEW
1749282470073818130,591,INST064,SELL,LIMIT,330,332.07,NEW
1749282470073826478,592,INST074,SELL,MARKET,870,0,NEW
1749282470073830539,593,INST137,SELL,LIMIT,345,125.00,NEW
1749282470073839125,594,INST149,SELL,MARKET,920,0,NEW
1749282470073844599,49,INST068,BUY,LIMIT,290,183.42,MODIFY
1749282470073846014,595,INST093,BUY,LIMIT,305,406.14,NEW
1749282470073854570,8,INST053,BUY,LIMIT,460,211.95,MODIFY
1749282470073858089,596,INST189,BUY,LIMIT,225,373.46,NEW
1749282470073860111,597,INST043,SELL,MARKET,695,0,NEW
1749282470073861445,598,INST199,BUY,LIMIT,95,464.65,NEW
1749282470073864638,599,INST100,SELL,LIMIT,925,244.27,NEW
1749282470073873323,600,INST044,BUY,LIMIT,510,352.56,NEW
1749282470073873466,601,INST155,SELL,LIMIT,130,473.58,NEW
1749282470073876249,415,INST118,BUY,MARKET,500,0,CANCEL
1749282470073876417,602,INST125,BUY,LIMIT,520,126.71,NEW
1749282470073879142,537,INST089,SELL,LIMIT,360,460.66,MODIFY
1749282470073887047,603,INST132,SELL,LIMIT,315,323.86,NEW
1749282470073892953,604,INST086,SELL,LIMIT,390,296.24,NEW
1749282470073900517,605,INST108,SELL,LIMIT,670,390.65,NEW
1749282470073900740,373,INST117,BUY,LIMIT,455,0,CANCEL
1749282470073906379,255,INST100,BUY,LIMIT,105,471.30,MODIFY
1749282470073907062,448,INST005,BUY,LIMIT,700,438.18,MODIFY
1749282470073911603,606,INST001,BUY,LIMIT,780,130.12,NEW
1749282470073919279,607,INST081,SELL,LIMIT,480,117.37,NEW
1749282470073927148,578,INST073,BUY,LIMIT,855,226.26,MODIFY
1749282470073936845,608,INST014,SELL,LIMIT,195,126.52,NEW
1749282470073937479,609,INST190,BUY,MARKET,885,0,NEW
1749282470073940024,610,INST142,SELL,LIMIT,885,413.05,NEW
1749282470073940551,395,INST163,BUY,LIMIT,715,0,CANCEL
1749282470073945306,611,INST169,SELL,MARKET,360,0,NEW
1749282470073953697,302,INST027,SELL,LIMIT,190,0,CANCEL
1749282470073962698,119,INST122,SELL,LIMIT,855,88.97,MODIFY
1749282470073971203,612,INST175,SELL,MARKET,440,0,NEW
1749282470073977985,85,INST080,SELL,LIMIT,10,398.25,MODIFY
1749282470073980023,152,INST115,SELL,MARKET,700,0,CANCEL
1749282470073985300,271,INST193,BUY,LIMIT,405,0,CANCEL
1749282470073991647,613,INST094,SELL,MARKET,280,0,NEW
1749282470074000490,614,INST056,BUY,LIMIT,845,89.72,NEW
1749282470074004110,615,INST170,SELL,LIMIT,340,120.82,NEW
1749282470074011900,616,INST144,SELL,LIMIT,265,499.23,NEW
1749282470074014438,309,INST117,SELL,LIMIT,125,235.04,MODIFY
1749282470074017057,617,INST148,BUY,MARKET,575,0,NEW
1749282470074026981,618,INST177,BUY,LIMIT,375,178.35,NEW
1749282470074027304,153,INST103,SELL,MARKET,370,0,CANCEL
1749282470074032599,619,INST029,BUY,LIMIT,645,57.39,NEW
1749282470074035117,620,INST195,SELL,LIMIT,885,258.88,NEW
1749282470074038964,621,INST043,SELL,MARKET,135,0,NEW
1749282470074040197,622,INST185,BUY,LIMIT,670,329.87,NEW
1749282470074043916,623,INST193,SELL,LIMIT,165,175.50,NEW
1749282470074049901,624,INST102,BUY,LIMIT,985,253.69,NEW
1749282470074056993,625,INST043,SELL,LIMIT,75,325.21,NEW
1749282470074059240,626,INST108,SELL,MARKET,345,0,NEW
1749282470074066001,627,INST084,BUY,MARKET,245,0,NEW
1749282470074070605,401,INST184,BUY,MARKET,620,0,CANCEL
1749282470074076993,628,INST193,BUY,MARKET,95,0,NEW
1749282470074078106,629,INST062,SELL,LIMIT,350,248.16,NEW
1749282470074080263,630,INST083,BUY,LIMIT,875,430.09,NEW
1749282470074088721,631,INST044,SELL,LIMIT,790,467.09,NEW
1749282470074098349,632,INST036,BUY,MARKET,390,0,NEW
1749282470074106648,633,INST040,SELL,MARKET,945,0,NEW
1749282470074115306,170,INST068,SELL,LIMIT,210,104.39,MODIFY
1749282470074116387,634,INST187,BUY,MARKET,50,0,NEW
1749282470074119070,635,INST024,SELL,LIMIT,825,238.85,NEW
1749282470074124674,636,INST096,BUY,LIMIT,875,369.02,NEW
1749282470074133298,637,INST169,BUY,LIMIT,245,368.55,NEW
1749282470074133570,638,INST106,BUY,LIMIT,330,99.56,NEW
1749282470074142594,195,INST125,SELL,LIMIT,205,0,CANCEL
1749282470074147608,639,INST085,BUY,MARKET,710,0,NEW
1749282470074155350,640,INST142,SELL,MARKET,385,0,NEW
1749282470074163286,641,INST114,SELL,MARKET,950,0,NEW
1749282470074172439,642,INST136,SELL,LIMIT,610,68.18,NEW
1749282470074179875,643,INST144,BUY,MARKET,550,0,NEW
1749282470074187997,644,INST024,BUY,LIMIT,965,399.94,NEW
1749282470074197822,645,INST197,SELL,MARKET,260,0,NEW
1749282470074198030,226,INST148,BUY,LIMIT,625,61.68,MODIFY
1749282470074203289,614,INST056,BUY,LIMIT,740,88.42,MODIFY
1749282470074203622,646,INST012,BUY,LIMIT,300,475.69,NEW
1749282470074208501,647,INST064,BUY,MARKET,735,0,NEW
1749282470074213241,648,INST096,BUY,MARKET,675,0,NEW
1749282470074215857,649,INST071,BUY,MARKET,660,0,NEW
1749282470074223894,650,INST143,BUY,MARKET,590,0,NEW
1749282470074229070,647,INST064,BUY,LIMIT,20,390.01,MODIFY
1749282470074238679,651,INST182,BUY,LIMIT,845,83.53,NEW
1749282470074239399,345,INST039,BUY,LIMIT,470,176.58,MODIFY
1749282470074242238,652,INST076,BUY,LIMIT,485,443.09,NEW
1749282470074242412,653,INST031,SELL,MARKET,115,0,NEW
1749282470074251376,406,INST173,SELL,MARKET,725,0,CANCEL
1749282470074256954,654,INST055,BUY,MARKET,105,0,NEW
1749282470074260934,655,INST127,BUY,LIMIT,405,360.01,NEW
1749282470074261322,321,INST135,BUY,MARKET,365,0,CANCEL
1749282470074266825,656,INST179,BUY,LIMIT,560,479.14,NEW
1749282470074272336,657,INST028,SELL,LIMIT,335,172.17,NEW
1749282470074278770,658,INST069,BUY,MARKET,15,0,NEW
1749282470074286881,659,INST148,BUY,LIMIT,505,330.26,NEW
1749282470074291705,660,INST044,SELL,LIMIT,575,72.62,NEW
1749282470074292719,661,INST188,BUY,MARKET,485,0,NEW
1749282470074302015,662,INST026,BUY,MARKET,875,0,NEW
1749282470074311612,663,INST089,BUY,LIMIT,255,339.77,NEW
1749282470074317248,664,INST137,BUY,LIMIT,845,209.25,NEW
1749282470074327019,665,INST060,BUY,LIMIT,750,403.58,NEW
1749282470074329212,599,INST100,SELL,LIMIT,885,248.41,MODIFY
1749282470074337082,666,INST150,SELL,MARKET,670,0,NEW
1749282470074339724,667,INST131,SELL,MARKET,990,0,NEW
1749282470074343185,668,INST029,BUY,MARKET,705,0,NEW
1749282470074348251,585,INST074,SELL,LIMIT,450,0,CANCEL
1749282470074348375,669,INST082,SELL,MARKET,430,0,NEW
1749282470074357872,670,INST045,SELL,MARKET,150,0,NEW
1749282470074360934,671,INST149,SELL,MARKET,590,0,NEW
1749282470074363101,672,INST140,SELL,LIMIT,120,480.56,NEW
1749282470074367643,673,INST090,SELL,MARKET,795,0,NEW
1749282470074368801,674,INST174,SELL,LIMIT,870,366.58,NEW
1749282470074375408,309,INST117,SELL,LIMIT,320,166.78,MODIFY
1749282470074375620,675,INST101,SELL,LIMIT,820,164.53,NEW
1749282470074376945,676,INST173,BUY,MARKET,80,0,NEW
1749282470074385285,677,INST190,BUY,LIMIT,870,224.72,NEW
1749282470074391285,99,INST053,BUY,MARKET,935,0,CANCEL
1749282470074399029,678,INST109,SELL,MARKET,800,0,NEW
1749282470074402119,679,INST158,SELL,LIMIT,530,62.07,NEW
1749282470074410597,511,INST127,SELL,LIMIT,620,484.07,MODIFY
1749282470074411251,680,INST034,SELL,LIMIT,475,103.97,NEW
1749282470074414287,681,INST110,BUY,MARKET,610,0,NEW
1749282470074420773,682,INST079,SELL,LIMIT,695,424.13,NEW
1749282470074426955,409,INST074,BUY,LIMIT,265,69.22,MODIFY
1749282470074434565,683,INST079,SELL,LIMIT,870,160.67,NEW
1749282470074439375,684,INST167,SELL,LIMIT,470,281.58,NEW
1749282470074442035,685,INST187,SELL,LIMIT,265,432.10,NEW
1749282470074448267,292,INST119,BUY,LIMIT,345,441.56,MODIFY
1749282470074451590,686,INST057,BUY,MARKET,740,0,NEW
1749282470074456288,687,INST164,BUY,LIMIT,290,407.75,NEW
1749282470074457410,688,INST077,SELL,MARKET,650,0,NEW
1749282470074461171,590,INST050,BUY,MARKET,910,0,CANCEL
1749282470074470061,689,INST200,SELL,LIMIT,155,99.88,NEW
1749282470074478233,497,INST041,SELL,LIMIT,415,330.62,MODIFY
1749282470074479059,413,INST105,BUY,LIMIT,495,427.25,MODIFY
1749282470074483230,690,INST092,SELL,LIMIT,225,241.81,NEW
1749282470074486671,691,INST068,BUY,MARKET,540,0,NEW
1749282470074493273,692,INST072,SELL,MARKET,125,0,NEW
1749282470074500588,693,INST046,SELL,MARKET,265,0,NEW
1749282470074503252,694,INST042,BUY,LIMIT,355,384.94,NEW
1749282470074507029,695,INST173,BUY,MARKET,70,0,NEW
1749282470074511943,492,INST043,BUY,MARKET,800,0,CANCEL
1749282470074520346,408,INST146,BUY,LIMIT,955,263.00,MODIFY
1749282470074528232,696,INST111,SELL,LIMIT,965,305.11,NEW
1749282470074534163,697,INST020,BUY,MARKET,905,0,NEW
1749282470074537344,698,INST002,SELL,LIMIT,10,70.75,NEW
1749282470074544451,699,INST008,SELL,LIMIT,100,485.23,NEW
1749282470074545139,700,INST139,BUY,MARKET,745,0,NEW
1749282470074552229,701,INST164,SELL,LIMIT,200,356.49,NEW
1749282470074561923,702,INST050,SELL,LIMIT,845,483.33,NEW
1749282470074569643,703,INST038,SELL,MARKET,230,0,NEW
1749282470074579178,24,INST060,SELL,LIMIT,825,350.95,MODIFY
1749282470074586246,704,INST194,SELL,MARKET,270,0,NEW
1749282470074593017,509,INST050,BUY,MARKET,415,0,CANCEL
1749282470074595025,705,INST196,SELL,LIMIT,880,212.40,NEW
1749282470074595190,706,INST117,BUY,LIMIT,700,219.92,NEW
1749282470074601967,707,INST175,SELL,LIMIT,670,288.08,NEW
1749282470074610086,708,INST090,BUY,LIMIT,1000,195.90,NEW
1749282470074616478,709,INST194,BUY,MARKET,835,0,NEW
1749282470074624737,710,INST059,SELL,MARKET,135,0,NEW
1749282470074629148,711,INST075,BUY,LIMIT,235,215.15,NEW
1749282470074630728,371,INST015,SELL,LIMIT,395,342.40,MODIFY
1749282470074639867,502,INST069,SELL,MARKET,185,0,CANCEL
1749282470074640690,263,INST003,BUY,MARKET,430,0,CANCEL
1749282470074644989,712,INST090,SELL,LIMIT,390,132.47,NEW
1749282470074653975,713,INST003,BUY,MARKET,20,0,NEW
1749282470074663456,714,INST121,SELL,MARKET,590,0,NEW
1749282470074671051,715,INST079,BUY,LIMIT,595,240.57,NEW
1749282470074675626,716,INST189,SELL,LIMIT,770,473.80,NEW
1749282470074682111,717,INST118,BUY,MARKET,180,0,NEW
1749282470074692075,718,INST138,SELL,MARKET,45,0,NEW
1749282470074697375,719,INST119,SELL,LIMIT,365,109.55,NEW
1749282470074705169,720,INST081,BUY,LIMIT,145,76.23,NEW
1749282470074707408,161,INST003,SELL,LIMIT,135,276.81,MODIFY
1749282470074707939,721,INST178,SELL,LIMIT,160,413.59,NEW
1749282470074717029,722,INST134,SELL,MARKET,395,0,NEW
1749282470074722807,723,INST176,SELL,MARKET,90,0,NEW
1749282470074722997,724,INST013,BUY,LIMIT,185,81.86,NEW
1749282470074729324,252,INST083,SELL,LIMIT,405,0,CANCEL
1749282470074734392,725,INST168,BUY,LIMIT,385,78.30,NEW
1749282470074739632,726,INST098,BUY,MARKET,320,0,NEW
1749282470074742680,727,INST018,SELL,LIMIT,655,137.11,NEW
1749282470074750045,724,INST013,BUY,LIMIT,175,85.71,MODIFY
1749282470074751970,728,INST098,BUY,MARKET,65,0,NEW
1749282470074761450,729,INST197,BUY,LIMIT,35,286.56,NEW
1749282470074766262,730,INST018,SELL,MARKET,145,0,NEW
1749282470074770834,426,INST112,SELL,MARKET,160,0,CANCEL
1749282470074775450,731,INST140,BUY,LIMIT,415,130.82,NEW
1749282470074784843,732,INST145,SELL,MARKET,45,0,NEW
1749282470074789623,733,INST054,SELL,MARKET,1000,0,NEW
1749282470074789764,734,INST119,SELL,MARKET,425,0,NEW
1749282470074791189,735,INST172,SELL,LIMIT,220,92.43,NEW
1749282470074798766,736,INST057,SELL,LIMIT,395,96.85,NEW
1749282470074804361,737,INST110,BUY,LIMIT,655,314.14,NEW
1749282470074810394,738,INST085,SELL,LIMIT,205,94.41,NEW
1749282470074815958,739,INST117,BUY,MARKET,280,0,NEW
1749282470074824293,740,INST185,SELL,MARKET,715,0,NEW
1749282470074834151,741,INST074,SELL,MARKET,30,0,NEW
1749282470074841156,742,INST127,SELL,LIMIT,575,458.22,NEW
1749282470074844232,161,INST003,SELL,MARKET,280,0,CANCEL
1749282470074848347,743,INST011,SELL,MARKET,820,0,NEW
1749282470074857993,744,INST064,SELL,MARKET,425,0,NEW
1749282470074861929,356,INST119,BUY,LIMIT,360,236.85,MODIFY
1749282470074862922,745,INST176,BUY,LIMIT,935,219.14,NEW
1749282470074872433,746,INST136,SELL,LIMIT,930,491.74,NEW
1749282470074874751,280,INST119,SELL,LIMIT,310,117.30,MODIFY
1749282470074876500,747,INST055,BUY,LIMIT,365,387.09,NEW
1749282470074886167,684,INST167,SELL,LIMIT,150,272.00,MODIFY
1749282470074895204,748,INST046,BUY,LIMIT,785,295.57,NEW
1749282470074903491,749,INST078,BUY,LIMIT,225,419.16,NEW
1749282470074904631,750,INST179,SELL,MARKET,660,0,NEW
1749282470074914131,293,INST145,SELL,LIMIT,215,0,CANCEL
1749282470074923953,751,INST148,BUY,MARKET,365,0,NEW
1749282470074929710,658,INST069,BUY,LIMIT,420,355.26,MODIFY
1749282470074936724,708,INST090,BUY,LIMIT,45,204.61,MODIFY
1749282470074940576,752,INST182,BUY,MARKET,315,0,NEW
1749282470074949118,572,INST030,SELL,MARKET,995,0,CANCEL
1749282470074951857,753,INST133,SELL,LIMIT,885,114.97,NEW
1749282470074955354,754,INST022,SELL,MARKET,460,0,NEW
1749282470074957592,755,INST199,SELL,LIMIT,995,384.46,NEW
1749282470074965743,756,INST136,SELL,MARKET,590,0,NEW
1749282470074973089,757,INST068,BUY,LIMIT,260,104.30,NEW
1749282470074977033,758,INST026,SELL,MARKET,740,0,NEW
1749282470074984828,631,INST044,SELL,LIMIT,790,0,CANCEL
1749282470074988748,759,INST137,SELL,LIMIT,215,59.50,NEW
1749282470074998451,595,INST093,BUY,LIMIT,305,0,CANCEL
1749282470075001470,760,INST108,BUY,MARKET,640,0,NEW
1749282470075010636,761,INST182,BUY,LIMIT,755,167.24,NEW
1749282470075013589,559,INST190,BUY,LIMIT,815,0,CANCEL
1749282470075018834,762,INST056,BUY,MARKET,705,0,NEW
1749282470075021303,763,INST199,SELL,MARKET,980,0,NEW
1749282470075025308,764,INST106,BUY,LIMIT,550,86.94,NEW
1749282470075032997,765,INST034,BUY,LIMIT,950,480.39,NEW
1749282470075033795,257,INST189,SELL,MARKET,80,0,CANCEL
1749282470075039813,766,INST189,SELL,MARKET,130,0,NEW
1749282470075048902,767,INST036,BUY,LIMIT,60,499.48,NEW
1749282470075056443,768,INST078,SELL,LIMIT,900,196.63,NEW
1749282470075061805,769,INST055,SELL,MARKET,655,0,NEW
1749282470075067089,248,INST139,SELL,LIMIT,400,122.13,MODIFY
1749282470075068070,770,INST071,BUY,MARKET,515,0,NEW
1749282470075075530,180,INST091,BUY,MARKET,815,0,CANCEL
1749282470075076918,771,INST041,SELL,MARKET,75,0,NEW
1749282470075084289,772,INST160,SELL,MARKET,960,0,NEW
1749282470075090626,520,INST170,BUY,LIMIT,290,0,CANCEL
1749282470075097333,504,INST024,BUY,LIMIT,680,0,CANCEL
1749282470075105534,773,INST036,BUY,MARKET,370,0,NEW
1749282470075108404,774,INST191,SELL,LIMIT,255,498.11,NEW
1749282470075110241,775,INST105,SELL,MARKET,750,0,NEW
1749282470075110866,776,INST067,SELL,LIMIT,665,266.57,NEW
1749282470075113424,777,INST052,BUY,LIMIT,360,309.52,NEW
1749282470075117248,778,INST004,SELL,MARKET,260,0,NEW
1749282470075126824,779,INST046,SELL,MARKET,495,0,NEW
1749282470075130620,780,INST022,BUY,LIMIT,775,238.35,NEW
1749282470075132141,781,INST185,SELL,MARKET,410,0,NEW
1749282470075133287,782,INST039,BUY,LIMIT,670,273.91,NEW
1749282470075140330,628,INST193,BUY,MARKET,95,0,CANCEL
1749282470075142266,552,INST136,BUY,LIMIT,15,149.87,MODIFY
1749282470075144197,783,INST084,SELL,MARKET,890,0,NEW
1749282470075153839,784,INST155,BUY,LIMIT,480,142.18,NEW
1749282470075158268,785,INST145,SELL,MARKET,415,0,NEW
1749282470075163002,786,INST191,SELL,MARKET,705,0,NEW
1749282470075167252,787,INST121,BUY,MARKET,525,0,NEW
1749282470075171408,788,INST120,BUY,MARKET,750,0,NEW
1749282470075173739,789,INST174,SELL,LIMIT,670,276.36,NEW
1749282470075179602,790,INST128,BUY,MARKET,665,0,NEW
1749282470075189395,791,INST094,BUY,MARKET,815,0,NEW
1749282470075197182,244,INST111,BUY,LIMIT,365,0,CANCEL
1749282470075200135,792,INST009,SELL,MARKET,600,0,NEW
1749282470075206751,656,INST179,BUY,LIMIT,560,0,CANCEL
1749282470075216246,241,INST147,SELL,LIMIT,555,444.29,MODIFY
1749282470075220801,793,INST047,BUY,MARKET,700,0,NEW
1749282470075228923,794,INST019,SELL,LIMIT,345,292.63,NEW
1749282470075229871,795,INST095,BUY,MARKET,570,0,NEW
1749282470075237937,796,INST155,BUY,LIMIT,255,68.80,NEW
1749282470075238256,797,INST029,SELL,LIMIT,310,411.04,NEW
1749282470075244951,798,INST005,BUY,LIMIT,50,273.75,NEW
1749282470075247276,799,INST049,BUY,MARKET,510,0,NEW
1749282470075256573,241,INST147,SELL,LIMIT,860,339.06,MODIFY
1749282470075265761,800,INST144,BUY,MARKET,735,0,NEW
1749282470075268620,801,INST132,SELL,LIMIT,295,142.49,NEW
1749282470075271067,802,INST137,BUY,MARKET,705,0,NEW
1749282470075272882,803,INST102,SELL,LIMIT,90,398.59,NEW
1749282470075274970,641,INST114,SELL,LIMIT,695,168.28,MODIFY
1749282470075278753,356,INST119,BUY,MARKET,200,0,CANCEL
1749282470075281479,804,INST057,BUY,MARKET,555,0,NEW
1749282470075285616,42,INST092,BUY,LIMIT,690,0,CANCEL
1749282470075288417,237,INST160,BUY,LIMIT,435,0,CANCEL
1749282470075291683,805,INST094,SELL,LIMIT,65,480.38,NEW
1749282470075297200,806,INST102,SELL,MARKET,780,0,NEW
1749282470075302608,807,INST082,SELL,MARKET,610,0,NEW
1749282470075306935,808,INST104,SELL,LIMIT,770,232.22,NEW
1749282470075314767,418,INST187,SELL,LIMIT,120,352.61,MODIFY
1749282470075320703,809,INST142,SELL,MARKET,710,0,NEW
1749282470075326529,810,INST145,SELL,LIMIT,990,454.46,NEW
1749282470075336185,811,INST023,SELL,MARKET,65,0,NEW
1749282470075338021,80,INST036,SELL,LIMIT,385,97.14,MODIFY
1749282470075346607,812,INST049,SELL,LIMIT,390,157.35,NEW
1749282470075347901,813,INST029,SELL,MARKET,610,0,NEW
1749282470075350398,814,INST166,BUY,LIMIT,640,490.54,NEW
1749282470075359672,686,INST057,BUY,LIMIT,245,490.45,MODIFY
1749282470075369187,815,INST065,SELL,LIMIT,960,308.53,NEW
1749282470075372857,816,INST164,SELL,LIMIT,245,347.59,NEW
1749282470075381256,817,INST141,SELL,LIMIT,65,68.52,NEW
1749282470075383332,144,INST025,BUY,LIMIT,510,373.96,MODIFY
1749282470075383474,818,INST007,SELL,LIMIT,490,180.91,NEW
1749282470075393174,819,INST035,BUY,LIMIT,650,337.93,NEW
1749282470075401886,820,INST103,SELL,MARKET,295,0,NEW
1749282470075406528,355,INST146,BUY,LIMIT,365,446.12,MODIFY
1749282470075407384,821,INST029,BUY,MARKET,470,0,NEW
1749282470075411071,39,INST068,SELL,MARKET,875,0,CANCEL
1749282470075415422,264,INST045,BUY,LIMIT,930,199.51,MODIFY
1749282470075418553,822,INST158,BUY,MARKET,130,0,NEW
1749282470075420467,823,INST142,SELL,MARKET,865,0,NEW
1749282470075424181,713,INST003,BUY,LIMIT,255,262.86,MODIFY
1749282470075425284,824,INST135,BUY,LIMIT,210,113.66,NEW
1749282470075428128,825,INST149,BUY,LIMIT,350,277.72,NEW
1749282470075433479,826,INST107,BUY,LIMIT,275,312.48,NEW
1749282470075441763,827,INST192,SELL,LIMIT,680,57.38,NEW
1749282470075450515,828,INST136,SELL,MARKET,100,0,NEW
1749282470075455425,829,INST081,SELL,MARKET,395,0,NEW
1749282470075462393,642,INST136,SELL,LIMIT,110,67.88,MODIFY
1749282470075467023,830,INST174,SELL,LIMIT,375,84.26,NEW
1749282470075472767,831,INST166,SELL,LIMIT,65,134.38,NEW
1749282470075474470,832,INST072,SELL,LIMIT,485,385.02,NEW
1749282470075480251,833,INST003,BUY,LIMIT,620,387.71,NEW
1749282470075481670,834,INST148,BUY,MARKET,260,0,NEW
1749282470075483992,835,INST046,SELL,MARKET,425,0,NEW
1749282470075488181,540,INST052,BUY,MARKET,360,0,CANCEL
1749282470075497271,836,INST146,SELL,MARKET,265,0,NEW
1749282470075506753,837,INST150,SELL,MARKET,5,0,NEW
1749282470075512231,838,INST036,BUY,LIMIT,90,430.38,NEW
1749282470075520003,839,INST180,SELL,MARKET,525,0,NEW
1749282470075527484,840,INST118,BUY,LIMIT,430,104.71,NEW
1749282470075532762,758,INST026,SELL,MARKET,740,0,CANCEL
1749282470075541485,446,INST200,SELL,LIMIT,755,0,CANCEL
1749282470075546011,841,INST115,BUY,MARKET,940,0,NEW
1749282470075548227,842,INST176,SELL,MARKET,475,0,NEW
1749282470075549328,43,INST062,SELL,LIMIT,35,79.45,MODIFY
1749282470075551990,752,INST182,BUY,LIMIT,870,405.16,MODIFY
1749282470075553914,843,INST158,BUY,LIMIT,545,434.23,NEW
1749282470075554346,844,INST185,BUY,LIMIT,275,157.04,NEW
1749282470075560778,845,INST027,SELL,LIMIT,360,62.03,NEW
1749282470075564571,846,INST136,SELL,LIMIT,420,272.87,NEW
1749282470075568785,847,INST081,SELL,LIMIT,280,193.34,NEW
1749282470075572113,848,INST004,SELL,LIMIT,190,236.67,NEW
1749282470075577072,546,INST024,BUY,LIMIT,715,0,CANCEL
1749282470075583786,397,INST193,BUY,LIMIT,220,0,CANCEL
1749282470075588377,849,INST101,BUY,MARKET,665,0,NEW
1749282470075590711,587,INST033,BUY,LIMIT,70,413.43,MODIFY
1749282470075591065,850,INST108,SELL,MARKET,650,0,NEW
1749282470075599022,729,INST197,BUY,LIMIT,35,0,CANCEL
1749282470075608005,431,INST086,BUY,LIMIT,865,468.90,MODIFY
1749282470075610537,851,INST116,BUY,LIMIT,110,248.43,NEW
1749282470075612559,852,INST124,BUY,MARKET,160,0,NEW
1749282470075616462,853,INST081,SELL,MARKET,735,0,NEW
1749282470075621022,854,INST148,BUY,LIMIT,315,92.87,NEW
1749282470075626502,855,INST007,SELL,LIMIT,800,342.23,NEW
1749282470075627625,856,INST047,SELL,MARKET,630,0,NEW
1749282470075637607,857,INST092,SELL,MARKET,905,0,NEW
1749282470075639650,858,INST035,SELL,MARKET,30,0,NEW
1749282470075644790,435,INST032,BUY,MARKET,565,0,CANCEL
1749282470075654409,859,INST016,SELL,LIMIT,505,119.40,NEW
1749282470075660102,860,INST093,BUY,MARKET,365,0,NEW
1749282470075667252,88,INST141,SELL,LIMIT,920,0,CANCEL
1749282470075669006,858,INST035,SELL,LIMIT,610,420.16,MODIFY
1749282470075673853,861,INST106,SELL,MARKET,155,0,NEW
1749282470075677399,862,INST166,SELL,LIMIT,465,160.31,NEW
1749282470075687040,863,INST140,SELL,MARKET,450,0,NEW
1749282470075693552,864,INST174,BUY,MARKET,795,0,NEW
1749282470075703077,780,INST022,BUY,LIMIT,710,242.94,MODIFY
1749282470075711031,865,INST199,SELL,LIMIT,905,419.90,NEW
1749282470075715145,866,INST040,BUY,MARKET,190,0,NEW
1749282470075716954,486,INST003,SELL,MARKET,40,0,CANCEL
1749282470075720466,600,INST044,BUY,LIMIT,510,0,CANCEL
1749282470075728584,867,INST006,BUY,MARKET,570,0,NEW
1749282470075729670,868,INST021,BUY,LIMIT,660,357.40,NEW
1749282470075730247,273,INST174,BUY,LIMIT,60,482.75,MODIFY
1749282470075731310,869,INST001,BUY,LIMIT,640,79.93,NEW
1749282470075741104,842,INST176,SELL,MARKET,475,0,CANCEL
1749282470075743125,870,INST194,SELL,LIMIT,185,372.75,NEW
1749282470075743277,162,INST029,BUY,LIMIT,315,0,CANCEL
1749282470075747995,871,INST046,BUY,MARKET,310,0,NEW
1749282470075752204,872,INST104,BUY,LIMIT,425,384.84,NEW
1749282470075762145,873,INST065,BUY,LIMIT,85,359.62,NEW
1749282470075763849,874,INST005,SELL,MARKET,850,0,NEW
1749282470075764886,875,INST180,BUY,LIMIT,165,74.58,NEW
1749282470075769338,852,INST124,BUY,LIMIT,190,299.12,MODIFY
1749282470075771501,876,INST033,BUY,MARKET,95,0,NEW
1749282470075779905,877,INST120,BUY,MARKET,810,0,NEW
1749282470075785660,878,INST162,SELL,LIMIT,455,93.38,NEW
1749282470075795019,879,INST078,BUY,MARKET,605,0,NEW
1749282470075799948,880,INST160,SELL,LIMIT,160,175.79,NEW
1749282470075805575,881,INST056,BUY,MARKET,805,0,NEW
1749282470075814496,882,INST101,SELL,LIMIT,80,173.36,NEW
1749282470075817924,883,INST119,BUY,MARKET,250,0,NEW
1749282470075820868,884,INST098,BUY,MARKET,215,0,NEW
1749282470075821924,817,INST141,SELL,LIMIT,65,0,CANCEL
1749282470075823215,885,INST033,BUY,MARKET,365,0,NEW
1749282470075832778,886,INST136,BUY,LIMIT,20,221.34,NEW
1749282470075841082,261,INST070,BUY,LIMIT,970,340.85,MODIFY
1749282470075842375,887,INST115,BUY,LIMIT,835,271.37,NEW
1749282470075851421,888,INST128,BUY,MARKET,610,0,NEW
1749282470075854783,889,INST163,SELL,MARKET,965,0,NEW
1749282470075859337,890,INST027,BUY,MARKET,45,0,NEW
1749282470075863011,891,INST087,SELL,MARKET,20,0,NEW
1749282470075870598,892,INST144,SELL,MARKET,150,0,NEW
1749282470075877566,893,INST038,BUY,LIMIT,670,343.51,NEW
1749282470075887258,894,INST056,BUY,LIMIT,250,262.19,NEW
1749282470075895365,727,INST018,SELL,LIMIT,655,0,CANCEL
1749282470075897309,312,INST090,BUY,LIMIT,650,0,CANCEL
1749282470075905922,895,INST105,SELL,MARKET,695,0,NEW
1749282470075910940,98,INST047,SELL,LIMIT,365,0,CANCEL
1749282470075915903,44,INST111,BUY,LIMIT,165,0,CANCEL
1749282470075921602,547,INST094,SELL,LIMIT,615,384.43,MODIFY
1749282470075923802,896,INST043,SELL,LIMIT,95,152.55,NEW
1749282470075926988,897,INST174,SELL,MARKET,65,0,NEW
1749282470075935735,898,INST175,SELL,MARKET,625,0,NEW
1749282470075936383,899,INST033,SELL,LIMIT,245,429.13,NEW
1749282470075942123,900,INST022,BUY,MARKET,995,0,NEW
1749282470075951432,901,INST091,BUY,MARKET,575,0,NEW
1749282470075958872,902,INST114,BUY,MARKET,85,0,NEW
1749282470075962423,822,INST158,BUY,LIMIT,810,163.43,MODIFY
1749282470075967453,892,INST144,SELL,MARKET,150,0,CANCEL
1749282470075976967,903,INST037,BUY,LIMIT,1000,207.99,NEW
1749282470075977171,904,INST069,BUY,MARKET,375,0,NEW
1749282470075982536,905,INST170,BUY,MARKET,800,0,NEW
1749282470075990429,906,INST035,BUY,MARKET,545,0,NEW
1749282470075992275,907,INST048,SELL,MARKET,85,0,NEW
1749282470075995414,253,INST178,SELL,MARKET,510,0,CANCEL
1749282470075999470,908,INST032,BUY,MARKET,900,0,NEW
1749282470076001220,881,INST056,BUY,LIMIT,560,315.86,MODIFY
1749282470076002462,730,INST018,SELL,LIMIT,230,188.83,MODIFY
1749282470076010296,909,INST020,SELL,MARKET,170,0,NEW
1749282470076014818,763,INST199,SELL,MARKET,980,0,CANCEL
1749282470076023049,910,INST063,BUY,LIMIT,290,462.68,NEW
1749282470076027738,702,INST050,SELL,LIMIT,845,0,CANCEL
1749282470076031532,911,INST061,SELL,MARKET,575,0,NEW
1749282470076040411,303,INST135,SELL,LIMIT,175,416.45,MODIFY
1749282470076043684,468,INST031,SELL,LIMIT,660,269.23,MODIFY
1749282470076047495,593,INST137,SELL,LIMIT,645,118.82,MODIFY
1749282470076053074,912,INST154,SELL,LIMIT,695,58.11,NEW
1749282470076062646,329,INST143,SELL,LIMIT,955,207.57,MODIFY
1749282470076065269,913,INST022,BUY,LIMIT,835,419.41,NEW
1749282470076068247,914,INST196,SELL,MARKET,710,0,NEW
1749282470076069400,140,INST193,BUY,LIMIT,100,461.66,MODIFY
1749282470076073481,915,INST177,SELL,MARKET,455,0,NEW
1749282470076073999,916,INST006,SELL,LIMIT,65,292.33,NEW
1749282470076075029,917,INST007,SELL,LIMIT,925,200.05,NEW
1749282470076079305,918,INST092,SELL,MARKET,10,0,NEW
1749282470076083504,919,INST184,BUY,MARKET,865,0,NEW
1749282470076083788,920,INST149,SELL,LIMIT,515,351.05,NEW
1749282470076087358,438,INST133,BUY,MARKET,215,0,CANCEL
1749282470076088130,828,INST136,SELL,MARKET,100,0,CANCEL
1749282470076090530,921,INST127,SELL,MARKET,845,0,NEW
1749282470076098994,922,INST064,SELL,LIMIT,590,493.28,NEW
1749282470076104913,355,INST146,BUY,LIMIT,335,470.85,MODIFY
1749282470076113420,923,INST141,BUY,MARKET,805,0,NEW
1749282470076118003,924,INST111,SELL,LIMIT,580,289.64,NEW
1749282470076119788,310,INST055,BUY,LIMIT,240,0,CANCEL
1749282470076121764,925,INST126,SELL,MARKET,570,0,NEW
1749282470076122641,277,INST083,BUY,MARKET,880,0,CANCEL
1749282470076131110,926,INST099,SELL,LIMIT,95,347.71,NEW
1749282470076133243,927,INST009,BUY,MARKET,335,0,NEW
1749282470076133379,928,INST134,BUY,MARKET,410,0,NEW
1749282470076142827,773,INST036,BUY,LIMIT,865,247.86,MODIFY
1749282470076147837,929,INST037,BUY,LIMIT,820,330.42,NEW
1749282470076156954,568,INST046,SELL,MARKET,205,0,CANCEL
1749282470076157845,930,INST195,SELL,LIMIT,5,379.15,NEW
1749282470076159171,931,INST051,SELL,MARKET,800,0,NEW
1749282470076160542,106,INST186,SELL,LIMIT,505,226.12,MODIFY
1749282470076169409,932,INST179,SELL,LIMIT,700,396.43,NEW
1749282470076174978,933,INST050,SELL,LIMIT,300,97.04,NEW
1749282470076176391,233,INST049,BUY,MARKET,255,0,CANCEL
1749282470076182012,934,INST162,SELL,LIMIT,500,280.73,NEW
1749282470076186988,935,INST124,SELL,LIMIT,825,93.86,NEW
1749282470076192962,609,INST190,BUY,LIMIT,515,139.03,MODIFY
1749282470076195839,936,INST154,SELL,MARKET,395,0,NEW
1749282470076203197,937,INST093,SELL,MARKET,305,0,NEW
1749282470076208465,938,INST174,BUY,MARKET,165,0,NEW
1749282470076216421,939,INST072,SELL,LIMIT,35,451.69,NEW
1749282470076223756,687,INST164,BUY,LIMIT,580,392.27,MODIFY
1749282470076233525,940,INST109,SELL,MARKET,155,0,NEW
1749282470076242483,376,INST120,SELL,LIMIT,185,448.96,MODIFY
1749282470076249043,556,INST148,SELL,LIMIT,340,0,CANCEL
1749282470076255390,941,INST093,BUY,MARKET,135,0,NEW
1749282470076258693,942,INST027,SELL,MARKET,515,0,NEW
1749282470076258862,943,INST105,SELL,LIMIT,925,266.11,NEW
1749282470076268537,944,INST156,SELL,LIMIT,10,191.92,NEW
1749282470076274219,945,INST057,SELL,LIMIT,575,343.69,NEW
1749282470076284093,367,INST193,SELL,LIMIT,380,0,CANCEL
1749282470076287981,695,INST173,BUY,MARKET,70,0,CANCEL
1749282470076288565,142,INST133,SELL,LIMIT,650,390.28,MODIFY
1749282470076294746,946,INST178,SELL,LIMIT,525,101.34,NEW
1749282470076297944,947,INST099,SELL,LIMIT,965,62.43,NEW
1749282470076306185,948,INST076,SELL,MARKET,485,0,NEW
1749282470076312872,949,INST163,SELL,MARKET,50,0,NEW
1749282470076318772,950,INST121,BUY,LIMIT,875,103.74,NEW
1749282470076322777,788,INST120,BUY,LIMIT,770,270.27,MODIFY
1749282470076326972,598,INST199,BUY,LIMIT,95,0,CANCEL
1749282470076329380,483,INST027,BUY,LIMIT,900,264.77,MODIFY
1749282470076330807,951,INST093,SELL,MARKET,235,0,NEW
1749282470076339303,952,INST088,SELL,MARKET,355,0,NEW
1749282470076342740,953,INST086,BUY,MARKET,675,0,NEW
1749282470076343712,954,INST015,SELL,LIMIT,640,103.00,NEW
1749282470076350908,955,INST006,BUY,LIMIT,845,315.36,NEW
1749282470076358931,495,INST151,BUY,MARKET,95,0,CANCEL
1749282470076366866,956,INST152,SELL,LIMIT,555,126.07,NEW
1749282470076369682,957,INST055,SELL,MARKET,570,0,NEW
1749282470076372971,958,INST071,BUY,MARKET,570,0,NEW
1749282470076378636,885,INST033,BUY,MARKET,365,0,CANCEL
1749282470076381653,959,INST027,BUY,MARKET,810,0,NEW
1749282470076389511,52,INST137,SELL,MARKET,305,0,CANCEL
1749282470076390330,960,INST184,BUY,LIMIT,220,440.64,NEW
1749282470076390721,961,INST091,SELL,LIMIT,485,389.20,NEW
1749282470076397194,962,INST135,BUY,MARKET,705,0,NEW
1749282470076403723,963,INST172,BUY,MARKET,235,0,NEW
1749282470076404745,964,INST199,BUY,MARKET,280,0,NEW
1749282470076410005,965,INST110,BUY,LIMIT,255,302.23,NEW
1749282470076418741,966,INST112,SELL,MARKET,950,0,NEW
1749282470076425277,967,INST028,SELL,MARKET,370,0,NEW
1749282470076429886,213,INST195,BUY,MARKET,725,0,CANCEL
1749282470076436578,968,INST027,SELL,MARKET,685,0,NEW
1749282470076445487,632,INST036,BUY,MARKET,390,0,CANCEL
1749282470076454804,134,INST146,BUY,LIMIT,55,207.07,MODIFY
1749282470076457436,3,INST053,SELL,LIMIT,710,113.31,MODIFY
1749282470076466968,624,INST102,BUY,LIMIT,350,255.47,MODIFY
1749282470076475130,969,INST063,SELL,MARKET,240,0,NEW
1749282470076476300,970,INST069,SELL,MARKET,340,0,NEW
1749282470076479739,971,INST009,SELL,LIMIT,615,443.35,NEW
1749282470076481177,972,INST114,SELL,LIMIT,405,322.97,NEW
1749282470076488480,973,INST154,BUY,MARKET,415,0,NEW
1749282470076497452,974,INST096,BUY,LIMIT,555,75.82,NEW
1749282470076500992,975,INST102,BUY,LIMIT,565,251.25,NEW
1749282470076505106,976,INST059,BUY,MARKET,90,0,NEW
1749282470076513634,179,INST148,BUY,LIMIT,585,453.72,MODIFY
1749282470076516822,977,INST127,BUY,MARKET,240,0,NEW
1749282470076523184,978,INST038,BUY,LIMIT,165,487.08,NEW
1749282470076530619,979,INST181,BUY,MARKET,975,0,NEW
1749282470076535321,980,INST025,SELL,MARKET,915,0,NEW
1749282470076539358,981,INST043,BUY,MARKET,160,0,NEW
1749282470076543728,680,INST034,SELL,LIMIT,475,0,CANCEL
1749282470076553295,594,INST149,SELL,MARKET,920,0,CANCEL
1749282470076556183,982,INST130,BUY,LIMIT,340,184.40,NEW
1749282470076556885,983,INST078,SELL,LIMIT,370,287.12,NEW
1749282470076564906,984,INST044,SELL,MARKET,255,0,NEW
1749282470076566916,776,INST067,SELL,LIMIT,190,253.49,MODIFY
1749282470076567532,436,INST058,BUY,LIMIT,315,0,CANCEL
1749282470076568418,985,INST155,BUY,MARKET,245,0,NEW
1749282470076568621,986,INST185,SELL,MARKET,360,0,NEW
1749282470076573371,987,INST083,BUY,LIMIT,525,314.47,NEW
1749282470076582927,462,INST092,SELL,LIMIT,800,219.28,MODIFY
1749282470076587363,988,INST138,SELL,LIMIT,65,363.61,NEW
1749282470076595694,989,INST177,BUY,MARKET,510,0,NEW
1749282470076596029,990,INST112,BUY,MARKET,130,0,NEW
1749282470076603819,485,INST162,SELL,MARKET,645,0,CANCEL
1749282470076609992,991,INST172,SELL,MARKET,330,0,NEW
1749282470076616290,992,INST043,SELL,MARKET,110,0,NEW
1749282470076619274,993,INST173,SELL,MARKET,20,0,NEW
1749282470076625630,665,INST060,BUY,LIMIT,750,0,CANCEL
1749282470076629450,994,INST177,BUY,LIMIT,995,111.02,NEW
1749282470076639192,995,INST017,SELL,LIMIT,520,440.87,NEW
1749282470076640886,996,INST131,BUY,MARKET,505,0,NEW
1749282470076647316,847,INST081,SELL,LIMIT,425,183.99,MODIFY
1749282470076651732,997,INST108,BUY,MARKET,50,0,NEW
1749282470076654700,60,INST018,BUY,MARKET,525,0,CANCEL
1749282470076656653,998,INST101,SELL,LIMIT,165,239.79,NEW
1749282470076662687,620,INST195,SELL,LIMIT,885,0,CANCEL
1749282470076665014,251,INST024,BUY,MARKET,80,0,CANCEL
1749282470076671396,742,INST127,SELL,LIMIT,575,0,CANCEL
1749282470076673096,858,INST035,SELL,LIMIT,75,125.40,MODIFY
1749282470076676908,132,INST176,SELL,MARKET,730,0,CANCEL
1749282470076685748,848,INST004,SELL,LIMIT,190,0,CANCEL
1749282470076691068,999,INST083,SELL,MARKET,590,0,NEW
1749282470076692793,1000,INST061,BUY,LIMIT,185,268.17,NEW
1749282470076701670,1001,INST106,SELL,MARKET,465,0,NEW
1749282470076707526,1002,INST149,SELL,MARKET,255,0,NEW
1749282470076713806,532,INST136,SELL,LIMIT,590,309.36,MODIFY
1749282470076722071,1003,INST030,BUY,LIMIT,810,197.04,NEW
1749282470076731677,1004,INST177,BUY,LIMIT,325,221.14,NEW
1749282470076738408,1005,INST008,BUY,MARKET,685,0,NEW
1749282470076743031,1006,INST125,BUY,MARKET,245,0,NEW
1749282470076750813,1007,INST076,SELL,LIMIT,360,121.46,NEW
1749282470076756226,1008,INST089,SELL,MARKET,275,0,NEW
1749282470076757484,1009,INST006,BUY,LIMIT,780,222.48,NEW
1749282470076759584,139,INST081,SELL,LIMIT,400,427.75,MODIFY
1749282470076769410,1010,INST102,BUY,MARKET,635,0,NEW
1749282470076779136,1011,INST011,SELL,LIMIT,675,296.16,NEW
1749282470076788539,400,INST125,SELL,LIMIT,195,406.53,MODIFY
1749282470076795975,1012,INST101,SELL,MARKET,975,0,NEW
1749282470076798401,1013,INST070,BUY,MARKET,565,0,NEW
1749282470076807339,489,INST150,SELL,LIMIT,575,218.08,MODIFY
1749282470076808940,1014,INST190,SELL,MARKET,495,0,NEW
1749282470076814433,1015,INST099,BUY,LIMIT,55,101.04,NEW
1749282470076824023,1016,INST125,BUY,MARKET,895,0,NEW
1749282470076825216,1017,INST128,SELL,LIMIT,480,453.26,NEW
1749282470076829793,804,INST057,BUY,MARKET,555,0,CANCEL
1749282470076836866,1018,INST085,SELL,MARKET,730,0,NEW
1749282470076845938,974,INST096,BUY,LIMIT,330,73.34,MODIFY
1749282470076847341,670,INST045,SELL,MARKET,150,0,CANCEL
1749282470076849556,1019,INST156,SELL,LIMIT,700,81.26,NEW
1749282470076855033,1020,INST050,BUY,MARKET,730,0,NEW
1749282470076862865,1021,INST015,BUY,MARKET,455,0,NEW
1749282470076872401,1022,INST090,BUY,MARKET,75,0,NEW
1749282470076872954,579,INST180,SELL,LIMIT,435,195.37,MODIFY
1749282470076881810,1023,INST145,BUY,LIMIT,655,248.51,NEW
1749282470076890121,1024,INST167,SELL,LIMIT,780,406.36,NEW
1749282470076898512,1025,INST141,SELL,LIMIT,365,459.74,NEW
1749282470076906755,779,INST046,SELL,LIMIT,210,175.39,MODIFY
1749282470076909406,205,INST021,BUY,LIMIT,35,107.93,MODIFY
1749282470076911832,1026,INST111,SELL,MARKET,105,0,NEW
1749282470076918156,784,INST155,BUY,LIMIT,895,140.53,MODIFY
1749282470076920375,1025,INST141,SELL,LIMIT,110,442.92,MODIFY
1749282470076925072,1027,INST102,BUY,LIMIT,150,52.11,NEW
1749282470076930865,1028,INST119,BUY,MARKET,550,0,NEW
1749282470076931847,1029,INST136,SELL,MARKET,420,0,NEW
1749282470076931962,1030,INST154,BUY,MARKET,140,0,NEW
1749282470076940973,1031,INST013,BUY,LIMIT,820,62.88,NEW
1749282470076945762,1032,INST014,SELL,MARKET,905,0,NEW
1749282470076952958,1033,INST132,SELL,MARKET,420,0,NEW
1749282470076953152,841,INST115,BUY,MARKET,940,0,CANCEL
1749282470076953448,1034,INST059,SELL,MARKET,10,0,NEW
1749282470076955061,1035,INST171,SELL,LIMIT,195,278.07,NEW
1749282470076962231,1036,INST072,BUY,LIMIT,35,282.48,NEW
1749282470076964749,1037,INST004,SELL,MARKET,680,0,NEW
1749282470076968330,1038,INST141,BUY,LIMIT,725,393.94,NEW
1749282470076977255,1039,INST155,SELL,MARKET,715,0,NEW
1749282470076986020,1040,INST096,SELL,MARKET,120,0,NEW
1749282470076991075,1041,INST027,SELL,LIMIT,75,291.81,NEW
1749282470077000633,1042,INST139,SELL,MARKET,485,0,NEW
1749282470077006836,155,INST166,SELL,LIMIT,395,0,CANCEL
1749282470077008845,1043,INST010,SELL,MARKET,980,0,NEW
1749282470077018416,1044,INST007,BUY,MARKET,670,0,NEW
1749282470077021624,1045,INST141,BUY,MARKET,845,0,NEW
1749282470077027646,1046,INST119,SELL,LIMIT,475,321.47,NEW
1749282470077030752,412,INST012,SELL,LIMIT,785,437.03,MODIFY
1749282470077040671,1013,INST070,BUY,MARKET,565,0,CANCEL
1749282470077047511,1047,INST097,SELL,LIMIT,655,414.27,NEW
1749282470077054990,1048,INST015,SELL,LIMIT,505,177.10,NEW
1749282470077063425,474,INST126,SELL,LIMIT,400,214.08,MODIFY
1749282470077064436,1049,INST082,BUY,MARKET,790,0,NEW
1749282470077070429,1050,INST159,BUY,MARKET,870,0,NEW
1749282470077076736,1051,INST109,SELL,MARKET,600,0,NEW
1749282470077080722,1052,INST192,SELL,LIMIT,545,410.51,NEW
1749282470077085284,81,INST008,SELL,LIMIT,795,284.79,MODIFY
1749282470077091477,1053,INST060,SELL,LIMIT,745,256.70,NEW
1749282470077098499,1054,INST198,SELL,LIMIT,610,475.63,NEW
1749282470077101913,1055,INST086,BUY,LIMIT,690,194.80,NEW
1749282470077107767,1056,INST140,BUY,LIMIT,970,415.10,NEW
1749282470077112432,1057,INST063,BUY,LIMIT,835,396.89,NEW
1749282470077115333,1058,INST086,BUY,MARKET,655,0,NEW
1749282470077124684,1059,INST106,SELL,LIMIT,750,124.39,NEW
1749282470077130042,326,INST052,BUY,MARKET,435,0,CANCEL
1749282470077131641,1060,INST083,BUY,MARKET,290,0,NEW
1749282470077139869,889,INST163,SELL,LIMIT,610,425.51,MODIFY
1749282470077145692,1061,INST105,BUY,LIMIT,525,452.89,NEW
1749282470077146692,1062,INST146,BUY,LIMIT,65,60.65,NEW
1749282470077154312,599,INST100,SELL,LIMIT,550,247.05,MODIFY
1749282470077155488,1063,INST129,SELL,LIMIT,435,61.81,NEW
1749282470077159955,1064,INST154,SELL,LIMIT,895,182.55,NEW
1749282470077169228,67,INST142,SELL,MARKET,150,0,CANCEL
1749282470077172047,1065,INST152,BUY,LIMIT,375,469.05,NEW
1749282470077174593,1066,INST176,BUY,LIMIT,695,163.28,NEW
1749282470077178906,1067,INST050,BUY,MARKET,495,0,NEW
1749282470077188735,445,INST191,SELL,LIMIT,65,315.32,MODIFY
1749282470077196658,1068,INST138,SELL,LIMIT,845,221.08,NEW
1749282470077205871,1069,INST194,SELL,MARKET,165,0,NEW
1749282470077215670,1070,INST079,BUY,MARKET,960,0,NEW
1749282470077217699,1071,INST095,BUY,MARKET,125,0,NEW
1749282470077221240,768,INST078,SELL,LIMIT,810,187.55,MODIFY
1749282470077228816,1072,INST184,BUY,LIMIT,310,70.97,NEW
1749282470077234328,932,INST179,SELL,LIMIT,700,0,CANCEL
1749282470077243403,96,INST150,SELL,LIMIT,25,0,CANCEL
1749282470077246259,218,INST142,SELL,LIMIT,200,0,CANCEL
1749282470077247112,1073,INST029,SELL,MARKET,935,0,NEW
1749282470077252043,1074,INST149,SELL,LIMIT,920,256.72,NEW
1749282470077256770,1075,INST018,BUY,LIMIT,205,54.77,NEW
1749282470077263345,1076,INST175,SELL,LIMIT,960,247.52,NEW
1749282470077272514,1077,INST078,SELL,LIMIT,5,410.89,NEW
1749282470077273809,1078,INST182,BUY,MARKET,980,0,NEW
1749282470077276382,1079,INST112,SELL,MARKET,645,0,NEW
1749282470077276662,1080,INST022,SELL,LIMIT,550,437.41,NEW
1749282470077283765,1081,INST037,BUY,LIMIT,195,284.48,NEW
1749282470077286187,1082,INST004,BUY,LIMIT,525,376.89,NEW
1749282470077294338,1083,INST046,SELL,MARKET,865,0,NEW
1749282470077295446,1052,INST192,SELL,LIMIT,625,409.71,MODIFY
1749282470077295617,1084,INST025,SELL,MARKET,575,0,NEW
1749282470077296514,550,INST004,BUY,LIMIT,270,506.68,MODIFY
1749282470077304135,1085,INST145,SELL,MARKET,695,0,NEW
1749282470077307488,1086,INST130,BUY,LIMIT,185,263.32,NEW
1749282470077316022,1087,INST104,BUY,LIMIT,540,122.85,NEW
1749282470077320411,1088,INST008,BUY,MARKET,965,0,NEW
1749282470077327540,1018,INST085,SELL,LIMIT,840,179.27,MODIFY
1749282470077336588,1089,INST020,SELL,MARKET,940,0,NEW
1749282470077340348,663,INST089,BUY,LIMIT,590,325.97,MODIFY
1749282470077342393,1090,INST195,BUY,MARKET,355,0,NEW
1749282470077347336,1091,INST111,SELL,MARKET,800,0,NEW
1749282470077352605,1092,INST172,SELL,LIMIT,65,121.19,NEW
1749282470077361804,785,INST145,SELL,LIMIT,915,370.79,MODIFY
1749282470077369547,440,INST030,BUY,LIMIT,885,0,CANCEL
1749282470077374099,342,INST150,BUY,LIMIT,20,439.23,MODIFY
1749282470077375368,1093,INST165,SELL,MARKET,680,0,NEW
1749282470077376033,881,INST056,BUY,MARKET,805,0,CANCEL
1749282470077378871,1094,INST178,BUY,MARKET,725,0,NEW
1749282470077379919,1095,INST191,BUY,LIMIT,945,333.11,NEW
1749282470077387780,1096,INST116,SELL,LIMIT,295,311.07,NEW
1749282470077397437,725,INST168,BUY,LIMIT,385,0,CANCEL
1749282470077403942,1097,INST142,BUY,MARKET,975,0,NEW
1749282470077406490,1098,INST017,BUY,MARKET,805,0,NEW
1749282470077407017,1099,INST074,SELL,MARKET,85,0,NEW
1749282470077413182,1100,INST038,BUY,MARKET,730,0,NEW
1749282470077419108,1101,INST072,BUY,LIMIT,145,323.19,NEW
1749282470077426337,1102,INST073,BUY,LIMIT,75,400.90,NEW
1749282470077432070,913,INST022,BUY,LIMIT,835,0,CANCEL
1749282470077434006,1103,INST131,BUY,LIMIT,300,462.91,NEW
1749282470077437589,1104,INST162,BUY,LIMIT,550,178.61,NEW
1749282470077441392,698,INST002,SELL,LIMIT,605,73.07,MODIFY
1749282470077441794,1105,INST159,BUY,LIMIT,530,435.75,NEW
1749282470077450162,1106,INST044,SELL,LIMIT,450,444.95,NEW
1749282470077452214,1107,INST009,BUY,LIMIT,825,325.22,NEW
1749282470077455167,1108,INST194,SELL,MARKET,815,0,NEW
1749282470077458309,1109,INST134,BUY,MARKET,925,0,NEW
1749282470077466149,980,INST025,SELL,LIMIT,70,380.71,MODIFY
1749282470077469956,1110,INST142,SELL,MARKET,910,0,NEW
1749282470077471127,1111,INST095,SELL,LIMIT,970,436.20,NEW
1749282470077472852,646,INST012,BUY,LIMIT,300,0,CANCEL
1749282470077475028,205,INST021,BUY,LIMIT,165,103.79,MODIFY
1749282470077480181,13,INST098,BUY,LIMIT,705,282.48,MODIFY
1749282470077482012,1112,INST030,SELL,LIMIT,195,271.54,NEW
1749282470077486953,1113,INST103,BUY,LIMIT,90,148.68,NEW
1749282470077492996,716,INST189,SELL,LIMIT,770,0,CANCEL
1749282470077496407,364,INST185,SELL,MARKET,40,0,CANCEL
1749282470077505832,1114,INST174,SELL,MARKET,70,0,NEW
1749282470077511154,1115,INST072,SELL,LIMIT,930,212.62,NEW
1749282470077514866,1116,INST176,BUY,LIMIT,460,494.25,NEW
1749282470077524552,1117,INST052,SELL,LIMIT,555,126.19,NEW
1749282470077530014,1118,INST121,SELL,LIMIT,705,348.93,NEW
1749282470077533039,1119,INST036,BUY,LIMIT,920,145.56,NEW
1749282470077541282,1120,INST088,SELL,LIMIT,665,259.95,NEW
1749282470077545183,1121,INST029,BUY,MARKET,215,0,NEW
1749282470077553489,1093,INST165,SELL,MARKET,680,0,CANCEL
1749282470077561101,1122,INST127,SELL,LIMIT,370,205.56,NEW
1749282470077562950,1123,INST087,BUY,LIMIT,405,230.17,NEW
1749282470077567413,844,INST185,BUY,LIMIT,315,158.86,MODIFY
1749282470077572727,859,INST016,SELL,LIMIT,505,0,CANCEL
1749282470077573846,1124,INST163,BUY,MARKET,405,0,NEW
1749282470077579755,1125,INST131,SELL,MARKET,450,0,NEW
1749282470077586086,1126,INST170,BUY,MARKET,485,0,NEW
1749282470077586683,844,INST185,BUY,LIMIT,795,164.00,MODIFY
1749282470077589947,1127,INST091,SELL,MARKET,45,0,NEW
1749282470077595931,1128,INST075,SELL,MARKET,840,0,NEW
1749282470077602852,869,INST001,BUY,LIMIT,640,0,CANCEL
1749282470077607114,1129,INST181,SELL,LIMIT,370,80.49,NEW
1749282470077609930,1130,INST189,BUY,LIMIT,960,294.76,NEW
1749282470077618183,1131,INST054,BUY,MARKET,120,0,NEW
1749282470077618688,303,INST135,SELL,MARKET,440,0,CANCEL
1749282470077625665,204,INST092,SELL,LIMIT,505,297.84,MODIFY
1749282470077629841,754,INST022,SELL,MARKET,460,0,CANCEL
1749282470077631692,1132,INST048,BUY,LIMIT,700,65.52,NEW
1749282470077639799,1133,INST078,BUY,MARKET,55,0,NEW
1749282470077643302,1134,INST180,BUY,LIMIT,815,219.65,NEW
1749282470077649613,807,INST082,SELL,LIMIT,75,102.89,MODIFY
1749282470077654173,882,INST101,SELL,LIMIT,455,171.22,MODIFY
1749282470077658116,1135,INST170,SELL,LIMIT,825,497.53,NEW
1749282470077658837,658,INST069,BUY,MARKET,15,0,CANCEL
1749282470077663304,1136,INST200,BUY,MARKET,330,0,NEW
1749282470077671891,1137,INST183,BUY,LIMIT,190,292.92,NEW
1749282470077680298,419,INST058,BUY,MARKET,495,0,CANCEL
1749282470077681020,1138,INST069,BUY,MARKET,115,0,NEW
1749282470077688783,1139,INST175,SELL,LIMIT,805,216.21,NEW
1749282470077698653,1140,INST043,SELL,LIMIT,40,204.49,NEW
1749282470077702337,186,INST004,BUY,LIMIT,850,392.65,MODIFY
1749282470077707215,1141,INST056,SELL,LIMIT,510,235.44,NEW
1749282470077707520,1007,INST076,SELL,LIMIT,360,0,CANCEL
1749282470077714414,946,INST178,SELL,LIMIT,525,0,CANCEL
1749282470077720673,37,INST146,BUY,MARKET,925,0,CANCEL
1749282470077727479,1142,INST170,SELL,MARKET,795,0,NEW
1749282470077730532,1143,INST186,BUY,MARKET,590,0,NEW
1749282470077733260,1144,INST076,SELL,MARKET,220,0,NEW
1749282470077740714,1145,INST083,BUY,LIMIT,725,333.48,NEW
1749282470077740881,1146,INST049,BUY,LIMIT,670,195.16,NEW
1749282470077746246,904,INST069,BUY,MARKET,375,0,CANCEL
1749282470077756095,1147,INST173,SELL,LIMIT,115,276.26,NEW
1749282470077762639,1148,INST032,SELL,LIMIT,225,127.47,NEW
1749282470077769748,878,INST162,SELL,LIMIT,455,0,CANCEL
1749282470077776315,1149,INST111,BUY,MARKET,1000,0,NEW
1749282470077777378,1150,INST159,BUY,MARKET,230,0,NEW
1749282470077786502,1151,INST177,BUY,MARKET,320,0,NEW
1749282470077793750,467,INST173,BUY,LIMIT,680,66.92,MODIFY
1749282470077793987,765,INST034,BUY,LIMIT,55,459.13,MODIFY
1749282470077798750,1152,INST048,BUY,LIMIT,1000,110.52,NEW
1749282470077804453,413,INST105,BUY,LIMIT,60,0,CANCEL
1749282470077807382,1153,INST078,BUY,LIMIT,115,151.70,NEW
1749282470077810115,1154,INST079,SELL,MARKET,615,0,NEW
1749282470077816972,728,INST098,BUY,MARKET,65,0,CANCEL
1749282470077825556,1155,INST067,SELL,LIMIT,340,53.68,NEW
1749282470077832118,1156,INST081,SELL,MARKET,685,0,NEW
1749282470077832954,1157,INST121,SELL,MARKET,645,0,NEW
1749282470077833432,1158,INST137,SELL,LIMIT,325,387.23,NEW
1749282470077837374,1159,INST126,BUY,MARKET,115,0,NEW
1749282470077837710,1160,INST179,BUY,MARKET,435,0,NEW
1749282470077846890,1161,INST171,BUY,MARKET,955,0,NEW
1749282470077850242,605,INST108,SELL,LIMIT,895,392.26,MODIFY
1749282470077857064,1162,INST070,BUY,LIMIT,960,96.36,NEW
1749282470077862888,1163,INST166,BUY,MARKET,85,0,NEW
1749282470077867654,910,INST063,BUY,LIMIT,710,475.93,MODIFY
1749282470077871255,1164,INST197,BUY,LIMIT,370,187.81,NEW
1749282470077873035,1165,INST189,BUY,LIMIT,680,306.10,NEW
1749282470077879317,1166,INST129,SELL,MARKET,400,0,NEW
1749282470077886421,1167,INST055,SELL,LIMIT,830,243.47,NEW
1749282470077895345,1168,INST151,BUY,MARKET,5,0,NEW
1749282470077899323,73,INST071,BUY,LIMIT,270,0,CANCEL
1749282470077909062,866,INST040,BUY,MARKET,190,0,CANCEL
1749282470077917247,1169,INST103,BUY,LIMIT,885,85.51,NEW
1749282470077923495,1170,INST057,SELL,LIMIT,220,142.04,NEW
1749282470077933270,1171,INST134,SELL,MARKET,550,0,NEW
1749282470077938461,1172,INST169,BUY,LIMIT,720,496.57,NEW
1749282470077942685,1173,INST030,SELL,MARKET,805,0,NEW
1749282470077945609,1174,INST042,SELL,LIMIT,130,169.50,NEW
1749282470077954288,1175,INST004,SELL,LIMIT,365,475.26,NEW
1749282470077960452,1176,INST082,SELL,MARKET,645,0,NEW
1749282470077961737,1177,INST024,SELL,MARKET,630,0,NEW
1749282470077966844,1178,INST133,SELL,MARKET,170,0,NEW
1749282470077975831,1113,INST103,BUY,LIMIT,90,0,CANCEL
1749282470077978089,1179,INST084,BUY,MARKET,690,0,NEW
1749282470077983253,1180,INST076,BUY,LIMIT,890,350.80,NEW
1749282470077991818,846,INST136,SELL,LIMIT,420,0,CANCEL
1749282470077992401,1181,INST043,BUY,MARKET,340,0,NEW
1749282470077993120,1182,INST007,BUY,MARKET,580,0,NEW
1749282470078002790,822,INST158,BUY,MARKET,130,0,CANCEL
1749282470078008177,1183,INST021,SELL,MARKET,25,0,NEW
1749282470078010844,1184,INST013,SELL,LIMIT,325,210.28,NEW
1749282470078013844,1185,INST047,BUY,MARKET,955,0,NEW
1749282470078018902,1186,INST193,SELL,LIMIT,140,430.42,NEW
1749282470078025763,836,INST146,SELL,MARKET,265,0,CANCEL
1749282470078030919,1187,INST097,SELL,MARKET,590,0,NEW
1749282470078038791,272,INST027,SELL,MARKET,95,0,CANCEL
1749282470078048352,1188,INST099,SELL,MARKET,665,0,NEW
1749282470078053148,641,INST114,SELL,MARKET,950,0,CANCEL
1749282470078061923,936,INST154,SELL,LIMIT,380,60.03,MODIFY
1749282470078067934,299,INST058,SELL,LIMIT,610,297.49,MODIFY
1749282470078077923,1189,INST144,SELL,MARKET,850,0,NEW
1749282470078078182,1190,INST049,SELL,MARKET,965,0,NEW
1749282470078082254,329,INST143,SELL,LIMIT,1000,217.98,MODIFY
1749282470078091554,968,INST027,SELL,LIMIT,280,68.59,MODIFY
1749282470078096342,601,INST155,SELL,LIMIT,50,468.26,MODIFY
1749282470078103735,1191,INST012,BUY,MARKET,565,0,NEW
1749282470078106877,1192,INST078,SELL,MARKET,645,0,NEW
1749282470078112331,1193,INST064,SELL,MARKET,520,0,NEW
1749282470078113333,1194,INST154,BUY,LIMIT,285,385.62,NEW
1749282470078119883,1195,INST063,BUY,LIMIT,180,335.87,NEW
1749282470078122038,1196,INST135,BUY,MARKET,750,0,NEW
1749282470078125942,1197,INST087,BUY,MARKET,925,0,NEW
1749282470078131017,1198,INST003,SELL,LIMIT,765,372.92,NEW
1749282470078135407,1199,INST034,SELL,LIMIT,315,218.16,NEW
1749282470078142945,1200,INST161,BUY,LIMIT,970,214.02,NEW
1749282470078144841,1201,INST025,SELL,MARKET,450,0,NEW
1749282470078151068,1202,INST161,SELL,LIMIT,730,325.09,NEW
1749282470078159406,1203,INST095,BUY,LIMIT,260,283.35,NEW
1749282470078161825,1204,INST167,BUY,LIMIT,495,443.97,NEW
1749282470078163607,1205,INST101,SELL,MARKET,35,0,NEW
1749282470078169153,1206,INST049,SELL,MARKET,945,0,NEW
1749282470078178036,391,INST144,BUY,LIMIT,545,0,CANCEL
1749282470078184651,1207,INST050,SELL,MARKET,630,0,NEW
1749282470078190976,1208,INST078,BUY,LIMIT,605,332.05,NEW
1749282470078193887,1209,INST011,SELL,MARKET,805,0,NEW
1749282470078199965,1210,INST191,SELL,LIMIT,810,416.69,NEW
1749282470078208232,408,INST146,BUY,LIMIT,420,0,CANCEL
1749282470078210759,1211,INST031,SELL,LIMIT,160,209.14,NEW
1749282470078216033,1212,INST134,SELL,LIMIT,675,344.75,NEW
1749282470078222635,1213,INST170,SELL,MARKET,580,0,NEW
1749282470078230735,1214,INST153,BUY,LIMIT,950,404.14,NEW
1749282470078232747,1215,INST169,SELL,MARKET,810,0,NEW
1749282470078237052,944,INST156,SELL,LIMIT,805,199.82,MODIFY
1749282470078246633,1216,INST066,BUY,LIMIT,640,352.85,NEW
1749282470078256024,1217,INST132,SELL,LIMIT,120,314.13,NEW
1749282470078256528,1218,INST076,SELL,LIMIT,55,129.39,NEW
1749282470078265227,1219,INST081,BUY,MARKET,455,0,NEW
1749282470078268282,1220,INST106,SELL,MARKET,175,0,NEW
1749282470078271796,1221,INST101,SELL,LIMIT,520,404.56,NEW
1749282470078277463,1222,INST025,SELL,LIMIT,330,146.46,NEW
1749282470078285333,619,INST029,BUY,LIMIT,155,58.29,MODIFY
1749282470078288483,1223,INST118,BUY,MARKET,650,0,NEW
1749282470078288830,1224,INST156,SELL,LIMIT,510,392.53,NEW
1749282470078296396,1225,INST039,BUY,MARKET,30,0,NEW
1749282470078301811,1226,INST084,SELL,LIMIT,235,81.13,NEW
1749282470078310642,1059,INST106,SELL,LIMIT,750,0,CANCEL
1749282470078312809,484,INST145,SELL,LIMIT,265,0,CANCEL
1749282470078321396,1227,INST015,BUY,MARKET,810,0,NEW
1749282470078322754,723,INST176,SELL,MARKET,90,0,CANCEL
1749282470078332016,1228,INST057,SELL,MARKET,105,0,NEW
1749282470078335752,1144,INST076,SELL,MARKET,220,0,CANCEL
1749282470078345377,1229,INST149,SELL,MARKET,970,0,NEW
1749282470078353922,1230,INST025,SELL,MARKET,45,0,NEW
1749282470078362340,1231,INST141,SELL,LIMIT,940,97.29,NEW
1749282470078365400,558,INST151,SELL,LIMIT,645,450.00,MODIFY
1749282470078371774,1232,INST197,SELL,MARKET,870,0,NEW
1749282470078378630,667,INST131,SELL,LIMIT,525,324.30,MODIFY
1749282470078384880,1087,INST104,BUY,LIMIT,540,0,CANCEL
1749282470078390557,1233,INST048,BUY,MARKET,665,0,NEW
1749282470078399278,1234,INST058,BUY,LIMIT,245,64.29,NEW
1749282470078407774,1235,INST091,SELL,LIMIT,155,211.30,NEW
1749282470078414108,1236,INST131,BUY,LIMIT,725,186.29,NEW
1749282470078415167,1237,INST199,SELL,MARKET,815,0,NEW
1749282470078417108,613,INST094,SELL,LIMIT,725,278.96,MODIFY
1749282470078424487,1238,INST148,SELL,LIMIT,870,170.19,NEW
1749282470078433422,1239,INST085,BUY,MARKET,655,0,NEW
1749282470078442622,1240,INST012,SELL,MARKET,10,0,NEW
1749282470078444835,1241,INST040,BUY,LIMIT,75,101.85,NEW
1749282470078447388,1242,INST171,SELL,LIMIT,520,243.75,NEW
1749282470078455156,232,INST180,SELL,MARKET,690,0,CANCEL
1749282470078455545,1178,INST133,SELL,LIMIT,335,313.79,MODIFY
1749282470078462585,762,INST056,BUY,MARKET,705,0,CANCEL
1749282470078469378,1243,INST158,SELL,LIMIT,30,210.10,NEW
1749282470078473752,1244,INST003,BUY,MARKET,715,0,NEW
1749282470078477179,1245,INST075,BUY,LIMIT,970,56.71,NEW
1749282470078486121,1246,INST108,BUY,LIMIT,960,237.89,NEW
